2150 3650
846 295 1319 346 JUGURTHA.
1741 299 1807 361 95

372 396 629 461 postremo
658 398 823 446 omnis
842 398 1019 446 civitas
1053 412 1252 445 summo
1281 395 1454 445 studio
1480 395 1818 445 adnitebatur.

373 477 547 541 Itaque
567 510 584 539 ‚
611 493 677 524 ex
701 477 944 525 sententia
977 478 1213 526 omnibus
1233 477 1383 525 rebus
1404 478 1590 542 paratis
1609 493 1816 542 compo-

373 555 584 620 sitisque
606 590 623 619 ,
668 557 724 605 in
768 557 1061 606 Numidiam
1106 554 1442 622 proficiscitur
1456 591 1474 618 .,
1519 555 1696 621 magna
1730 574 1817 621 spe

377 636 601 699 civium,
641 635 758 686 eum
797 650 1009 703 propter
1042 637 1201 685 bonas
1244 638 1390 698 artis,
1428 648 1541 685 tum
1583 638 1820 685 maxume

379 715 522 779 quod
546 715 813 766 advorsum
839 717 1038 765 divitias
1064 718 1290 764 animum
1323 718 1568 764 invictum
1595 717 1818 778 gerebat:

378 806 429 843 et
449 797 652 846 avaritia
676 798 1057 863 magistratuum
1076 808 1193 843 ante
1218 795 1272 842 id
1291 807 1490 861 tempus
1508 797 1563 844 in
1576 795 1817 846 Numidia

378 886 562 925 nostrae
588 893 711 942 opes
736 888 987 936 contusae,
1009 876 1339 939 hostiumque
1363 887 1521 923 auetae
1545 888 1701 924 erant.

446 957 627 1022 XLJV,
654 958 756 1004 San
778 954 867 1003 ubi
883 956 940 1002 in
957 954 1176 1001 Africam
1194 954 1337 1001 venit
1354 986 1371 1013 ‚
1394 954 1642 1002 exereitus
1661 956 1706 1002 ei
1725 966 1829 1002 tra-

378 1034 521 1082 ditur
545 1035 632 1099 Sp.
661 1033 837 1080 Albini
856 1050 950 1098 pro
969 1033 1177 1081 consule
1191 1066 1207 1094 .‚
1225 1032 1383 1092 iners,
1401 1032 1641 1093 imbellis,
1657 1049 1822 1096 neque

376 1111 589 1178 periculi
623 1127 789 1176 neque
814 1111 999 1160 laboris
1016 1112 1210 1177 patiens
1233 1147 1249 1174 ‚
1265 1111 1450 1177 ,lingua
1486 1110 1636 1175 quAm
1669 1128 1823 1160 manu

377 1192 630 1257 promtior
648 1224 666 1252 ‚
702 1191 952 1256 praedator
977 1208 1039 1240 ex
1062 1193 1208 1241 sociis
1223 1226 1241 1253 ‚
1285 1203 1334 1259 et
1368 1192 1474 1259 ipse
1496 1190 1678 1258 praeda'
1705 1192 1824 1241 hos-

379 1272 537 1333 tium,
566 1275 674 1321 sine
704 1271 917 1337 imperio
950 1284 1000 1320 et
1036 1261 1283 1322 modestia·
1309 1270 1531 1320 habitus.
1565 1274 1640 1318 Ita
1667 1272 1822 1336 impe-

383 1352 538 1400 ratori
570 1367 709 1401 novo
739 1352 856 1418 plus
896 1369 960 1401 ex
995 1352 1137 1400 malis
1176 1350 1403 1400 moribus
1438 1350 1790 1399 sollicitudinis
1808 1384 1826 1412 ‚

382 1431 535 1495 quam
562 1448 625 1481 ex
651 1431 796 1498 copia
821 1432 1042 1481 militum
1072 1432 1246 1481 auxilii
1274 1442 1363 1480 aut
1399 1432 1506 1498 spei
1529 1430 1677 1479 bonae
1694 1447 1826 1480 acee-

380 1509 543 1560 debat.
569 1511 758 1562 Statuit
791 1523 960 1561 tamen
987 1512 1222 1561 Metellus
1236 1547 1253 1573 ‚
1284 1528 1587 1577 quamquam
1614 1522 1666 1559 et
1694 1513 1822 1559 aesti-

379 1605 560 1639 vorum
580 1604 780 1659 tempus
797 1594 1122 1643 comitiorum
1140 1594 1280 1641 mora
1298 1593 1646 1651 imminuerat,
1672 1602 1723 1639 et
1740 1608 1824 1639 ex-

380 1670 684 1733 spectatione
704 1674 871 1721 eventi
899 1674 1090 1720 civium
1116 1673 1310 1721 animos
1343 1673 1566 1720 intentos
1587 1669 1824 1735 putabat,

382 1764 487 1797 non
510 1748 650 1813 prius
676 1749 867 1798 bellum
886 1750 1171 1813 adtingere,
1196 1751 1348 1814 quam
1363 1785 1381 1810 .,
1409 1749 1658 1811 majorum
1679 1749 1824 1797 disci—

382 1826 518 1890 plina
532 1860 550 1887 .,
577 1828 758 1875 milites
773 1829 1000 1877 laborare
1019 1830 1273 1893 coegisset.
1291 1829 1423 1876 Nam
1442 1828 1659 1874 Albinus
1670 1860 1687 1887 ‚
1704 1827 1825 1874 Auli

384 1905 550 1954 fratris
577 1905 927 1971 exercitusque
954 1905 1093 1955 clade
1121 1907 1382 1973 perculsus
1402 1942 1419 1969 ‚
1439 1917 1710 1972 postquam
1741 1905 1827 1954 de·-

385 1994 606 2033 ereverat
646 2003 754 2034 non
789 1986 954 2051 egredi
992 1987 1276 2052 provincia,
1308 1985 1555 2050 quantum
1588 1987 1832 2050 temporis

386 2063 676 2112 aestivorum
696 2067 750 2112 in
774 2065 987 2129 imperio
1015 2064 1141 2126 fuit,
1167 2066 1470 2129 plerumque
1490 2063 1671 2112 milites
1690 2067 1828 2112 stati-

387 2142 465 2190 vis
503 2144 676 2191 eastris
710 2142 962 2203 habebat3
1003 2144 1098 2191 nisi
1131 2159 1292 2207 quum
1328 2141 1480 2204 odos,
1527 2152 1615 2190 aut
1655 2140 1829 2206 pabuli
1853 2178 1876 2213 ῃ

387 2233 575 2288 egestas
607 2225 780 2272 locum
821 2235 1015 2272 mutare
1043 2222 1317 2288 subegerat.
1360 2222 1457 2271 Sed
1489 2237 1654 2285 neque
1689 2237 1828 2271 more

387 2303 591 2351 militari
612 2302 791 2368 vigilia
812 2301 1213 2352 deducebantur:
1230 2303 1306 2351 uti
1324 2303 1507 2367 cuique
1519 2301 1748 2362 lubebat,
1766 2301 1829 2350 ab

386 2383 541 2447 signis
559 2383 755 2443 aberat3
780 2383 893 2432 111ae
918 2383 1155 2449 permixti
1185 2400 1304 2432 cum
1337 2382 1580 2431 militibus
1605 2382 1684 2430 die
1706 2399 1826 2432 noc-

387 2473 547 2527 tuque
582 2462 916 2528 vagabantur‚
950 2474 1000 2511 et
1028 2462 1248 2528 palantes
1270 2480 1414 2528 agros
1446 2475 1662 2525 vastare,
1685 2463 1827 2513 villas

338 2561 344 2567 ·
391 2557 677 2607 expugnare
694 2577 711 2603 ‚
737 2544 932 2608 peeoris
955 2553 1003 2591 et
1030 2545 1397 2609 mancipiorum
1422 2544 1611 2610 praedas
1638 2554 1828 2592 certan-

390 2632 463 2670 tes
481 2638 649 2686 agere3
676 2638 832 2687 eaque
860 2633 1055 2671 mutare
1074 2639 1193 2672 cum
1221 2624 1581 2672 mercatoribus
1598 2625 1721 2671 vino
1747 2622 1828 2669 ad-

389 2701 594 2750 vectitio
610 2735 627 2763 .,
662 2713 712 2750 et
733 2702 837 2750 aliis
870 2701 1073 2750 talibus:
1103 2715 1337 2768 praeterea
1353 2737 1369 2762 ‚
1395 2703 1705 2752 frumentum
1733 2718 1826 2766 pu·

389 2780 518 2829 bliee
539 2781 713 2830 datum
738 2781 981 2843 vendere,
1008 2797 1186 2846 panem
1213 2782 1269 2829 in
1297 2782 1401 2830 dies
1428 2783 1635 2831 mereari
1664 2799 1675 2828 ε
1714 2796 1827 2846 pos·

395 2862 585 2923 tremo,
610 2878 940 2928 quaecumque
965 2860 1076 2931 {dici
1106 2871 1193 2909 aut
1227 2859 1352 2928 fingi
1387 2873 1583 2929 queunt
1619 2859 1828 2923 ignaviae
