2150 3650
387 339 487 427 136
663 376 719 427 C.
755 376 1035 426 CRISPI
1092 376 1531 425 SALLUSTII

381 479 491 541 ipse
512 474 628 522 dare
648 473 912 536 beneficia,
942 475 1135 523 invitus
1153 475 1372 539 accipere
1401 492 1415 535 3
1454 474 1541 523 sed
1560 489 1615 523 ea
1643 491 1825 542 prope-

382 553 599 615 rantius,
615 553 767 617 quam
788 569 854 602 aes
869 566 1111 602 mutuum
1131 555 1358 602 reddere:
1378 555 1484 619 ipse
1503 556 1564 602 ab
1584 555 1726 603 nullo
1746 573 1821 604 re·

380 644 548 700 petere
575 652 588 693 3
613 634 768 697 magis
794 633 849 680 id
876 622 1136 697 laborare,
1155 645 1214 681 ut
1240 633 1311 679 illi
1330 633 1481 697 quam
1498 633 1709 697 plurimi
1744 634 1825 682 de-

385 715 559 762 berent
587 730 602 772 3
624 713 734 775 joca
762 724 913 779 atque
939 714 1061 760 seria
1092 729 1210 760 cum
1236 712 1553 760 humillumis
1573 729 1715 777 agere
1736 731 1751 772 ;
1775 715 1830 761 iu

385 793 625 858 operibus
637 827 653 854 .,
668 794 722 839 in
741 793 937 857 agmine
954 804 1105 857 atque
1123 791 1187 838 ad
1206 791 1395 855 vigilias
1417 791 1610 839 multus
1628 793 1825 853 adesse3

386 888 550 937 neque
570 873 797 933 interim,
817 871 954 936 quod
980 887 1132 936 prava
1159 871 1364 918 ambitio
1387 871 1512 918 solet
1531 905 1547 932 .,
1570 871 1791 918 consulis
1809 905 1828 933 ‚

386 963 472 1000 aut
507 952 808 1015 cujusquam
846 951 971 999 boni
1014 950 1193 998 famam
1228 950 1432 1007 laedere3
1462 950 1818 997 tantummodo

384 1048 552 1096 neque
570 1032 804 1092 consilio,
822 1048 985 1095 neque
1000 1047 1152 1077 manu
1169 1030 1388 1094 priorem
1403 1029 1560 1076 alium
1579 1030 1710 1093 pati3
1727 1028 1825 1092 ple-

387 1127 572 1175 rosque
589 1113 887 1159 antevenire.
909 1110 1038 1172 Quis
1059 1110 1208 1156 rebus
1227 1119 1276 1155 et
1295 1107 1485 1156 artibus
1506 1107 1648 1157 b‘revi
1662 1108 1825 1155 Mario

386 1191 731 1253 militibusque
749 1191 1048 1237 carissumus
1066 1187 1241 1235 factus.

458 1272 662 1319 XCVII.
699 1270 779 1317 Αἰ·
807 1269 1091 1333 Jugurtha‚
1120 1279 1389 1332 postquam
1426 1265 1669 1331 oppidum
1697 1264 1828 1330 Cap-

390 1366 494 1397 sam
526 1350 749 1413 aliosque
774 1349 913 1396 locos
944 1350 1167 1395 munitos
1197 1357 1246 1393 et
1265 1346 1362 1393 sibi
1398 1347 1535 1392 utilis
1567 1343 1755 1405 simul,
1785 1356 1833 1393 et

390 1442 619 1490 mag-nam
648 1428 911 1489 pecuniam
948 1428 1203 1485 amiserat,
1239 1425 1302 1471 ad
1335 1424 1593 1473 Bocchum
1615 1426 1828 1472 nuncios

391 1505 576 1565 mittit,
593 1526 613 1547 ιι
634 1504 786 1568 quam
817 1503 1039 1567 primum
1071 1504 1129 1551 in
1146 1503 1438 1554 Numidiam
1475 1504 1646 1567 copias
1673 1502 1830 1550 addu-

390 1606 411 1625 κ
448 1593 606 1641 ceret3
632 1584 808 1646 proelii
827 1582 1047 1630 faciundi
1066 1594 1265 1647 tempus
1283 1582 1450 1631 adesse
1471 1604 1510 1629 n.
1552 1586 1721 1644 Quem
1741 1582 1831 1631 uhi

390 1663 615 1711 cunctari
644 1663 860 1726 accepit,
897 1662 1111 1710 dubium
1142 1662 1261 1709 belli
1292 1674 1443 1727 atque
1461 1664 1831 1726 pacis.rationes

390 1743 585 1792 trahere
605 1761 616 1791 :
638 1759 838 1804 rursus,
856 1742 935 1790 uti
954 1741 1096 1790 antea
1108 1777 1124 1804 .,
1141 1758 1420 1807 proxumos
1440 1742 1588 1790 donis
1603 1758 1829 1789 eorrum-

393 1826 470 1891 pit
488 1859 504 1886 ‚
538 1826 736 1889 ipsique
755 1824 935 1871 Mauro
956 1822 1223 1888 pollicetur
1239 1820 1492 1871 Numidiae
1518 1832 1712 1886 partem
1736 1831 1831 1869 ter·

396 1908 545 1965 tiam,
567 1905 610 1951 si
643 1914 730 1951 aut
762 1905 979 1951 Romani
1015 1900 1185 1950 Africa
1221 1901 1444 1966 expulsi,
1478 1912 1567 1949 aut
1585 1934 1603 1961 ‚
1625 1901 1834 1966 integris

394 1986 496 2032 suis
530 1982 745 2045 finibus,
771 1983 962 2030 bellum
997 1981 1338 2046 compositum
1367 1979 1513 2029 foret.
1538 1981 1609 2028 Eo
1627 1982 1835 2044 praemio

393 2064 591 2112 illectus
605 2064 852 2124 Bocchus,
865 2079 983 2113 eum
997 2059 1175 2126 magna
1190 2059 1515 2108 multitudine
1529 2061 1562 2105 J
1565 2059 1836 2124 ugurtham

395 2143 598 2192 accedit.
624 2145 703 2191 Ita
736 2143 999 2190 amborum
1021 2141 1242 2189 exercitu
1278 2140 1580 2202 conjuncto,
1618 2140 1836 2187 Marium

395 2225 496 2287 jam
514 2225 569 2270 in
582 2221 801 2271 hiberna
829 2220 1229 2286 proficiscentem
1241 2252 1257 2279 ‚
1284 2220 1372 2266 vix
1391 2216 1578 2265 decima
1594 2229 1736 2282 parte
1759 2218 1837 2265 die

396 2304 586 2365 reliqua
620 2301 870 2350 invadunt
902 2320 914 2348 z
954 2301 1049 2348 rati
1084 2310 1284 2347 noctem
1304 2332 1320 2359 ‚
1357 2313 1467 2361 quae
1498 2298 1606 2361 jam
1644 2296 1842 2359 aderat,

399 2381 545 2426 victis
573 2380 667 2426 sihi
708 2380 1023 2425 munimento
1055 2377 1186 2437 fore3
1219 2388 1300 2439 et,
1330 2377 1372 2424 si
1401 2376 1659 2435 vicissent,
1689 2377 1838 2424 nullo

400 2456 763 2520 impedimento
783 2488 800 2516 ,
828 2456 945 2519 quia
963 2457 1196 2503 locorum
1218 2458 1425 2504 seientes
1452 2464 1620 2503 erant:
1658 2455 1838 2502 contra

403 2533 643 2584 Romanis
666 2543 939 2596 utrumque
957 2549 1127 2580 casum
1164 2535 1220 2580 iu
1246 2535 1462 2582 tenebris
1492 2532 1840 2582 difficiliorem.

402 2615 563 2680 Igitur
589 2612 741 2660 simul
773 2611 949 2659 consul
981 2628 1044 2658 ex
1081 2613 1252 2661 multis
1282 2614 1341 2660 de
1368 2614 1595 2661 hostium
1623 2612 1843 2660 adventu

397 2692 659 2759 cognovit,
682 2702 731 2738 et
747 2692 844 2756 ipsi
861 2691 1030 2739 hostes
1050 2691 1253 2740 aderant
1265 2727 1281 2754 ‚
1308 2703 1356 2741 et
1373 2690 1516 2757 prius
1536 2690 1687 2756 quam
1706 2708 1844 2738 exer-

405 2774 537 2823 citus
572 2782 661 2819 aut
700 2772 882 2819 instrui
895 2806 911 2833 .,
950 2782 1038 2819 aut
1073 2772 1285 2819 sarcinas
1326 2771 1557 2836 colligere
1575 2803 1592 2831 ‚
1630 2769 1845 2835 denique

407 2855 521 2904 ante
539 2851 689 2919 quam
711 2852 910 2917 signum
930 2862 1015 2899 aut
1028 2852 1296 2916 imperium
1315 2850 1475 2899 ullum
1493 2850 1715 2914 accipere
1733 2851 1841 2913 qui-

401 2936 477 2983 vit
490 2968 506 2996 ‚
529 2935 725 3001 equites
743 2932 906 2983 mauri
922 2942 1074 2996 atque
1103 2931 1294 2996 gaetuli,
1310 2945 1415 2978 non
1433 2929 1562 2991 acie,
1579 2945 1748 2993 neque
1766 2930 1842 2991 ul-
