2150 3650
857 288 1326 339 JnounrnA.
1721 293 1816 354 ss9

366 387 602 436 hostium
622 419 639 448 ‚
697 386 938 451 quadrato
980 388 1173 452 agmine
1218 386 1463 436 incedere.
1527 386 1661 435 Sulla
1700 403 1817 434 cum

365 468 602 532 equitatu
621 467 759 531 apud
776 467 1044 516 dextumos
1063 502 1081 528 ‚
1097 469 1152 516 in
1170 466 1367 515 sinistra
1385 468 1448 515 A.
1463 466 1683 515 Manlius
1699 483 1817 514 cum

371 547 723 594 funditoribus
742 558 790 594 et
811 549 1073 611 sagittariis
1092 580 1108 607 ‚
1136 559 1373 612 praeterea
1400 545 1635 595 cohortes
1670 547 1813 610 Ligu·

372 641 497 673 rum
532 626 737 672 curabat
756 642 771 683 ς
815 628 1006 690 primos
1046 637 1097 673 et
1135 631 1382 673 extremos
1419 642 1534 673 cum
1574 625 1819 690 expeditis

368 705 645 768 manipulis
672 705 902 753 tribunos
930 707 1194 753 locaverat.
1224 703 1475 766 Peffugae,
1505 705 1728 753 minume
1746 721 1820 752 ca-

371 784 421 831 ri
440 816 457 844 ‚
486 795 536 831 et
555 785 816 848 regionum
843 784 1204 839 scientissumi,
1225 782 1322 829 hos
1330 782 1458 828 tium
1476 783 1570 830 iter
1593 785 1818 848 explora-

373 863 504 911 bant
525 881 537 909 ι
571 863 720 910 simul
744 862 962 920 consul,
999 862 1142 924 quasi
1177 860 1323 908 nullo
1350 861 1618 922 imposito,
1652 864 1821 910 omnia
1861 917 1865 923 Δ

371 942 677 1007 providere3
706 938 841 1003 apud
863 941 1025 986 omnis
1061 939 1229 987 adesse
1255 930 1525 998 3⁴1audare.,
1569 940 1819 1004 increpare

374 1019 632 1068 merentis.
669 1023 780 1081 Ipse
818 1029 1036 1066 armatus
1070 1020 1440 1081 intentusque,
1481 1018 1604 1064 item
1640 1019 1820 1067 milites

374 1097 621 1161 cogebat,
647 1113 812 1159 neque
841 1095 1012 1156 secus,
1038 1108 1190 1160 atque
1211 1098 1306 1144 iter
1329 1096 1513 1157 facere,
1533 1108 1688 1145 castra
1709 1114 1818 1146 mu-

372 1176 512 1236 nire,
540 1176 832 1224 excubitum
869 1178 927 1223 in
960 1187 1131 1241 portas
1158 1176 1384 1225 cohortis
1420 1193 1484 1223 ex
1512 1176 1824 1242 legionibu3‚

334 1283 340 1291 ·
373 1272 474 1322 pro
492 1257 663 1304 castris
690 1257 882 1319 equites
903 1256 1190 1305 auxiliarios
1212 1257 1423 1317 mittere.
1444 1258 1681 1303 Praeterea
1700 1257 1821 1306 alios

376 1351 529 1398 super
548 1334 731 1381 vallum
750 1335 806 1382 in
828 1336 1154 1383 munimentis
1176 1335 1364 1394 locare,
1381 1315 1573 1398 vigilias
1600 1336 1706 1400 ipse
1724 1337 1819 1384 cir·

377 1413 594 1475 cumire‚
630 1430 735 1461 non
767 1413 1045 1462 diffidentia
1081 1415 1275 1474 futuri,
1307 1429 1419 1478 quae
1454 1414 1821 1479 imperavisset,

379 1493 532 1558 quam
553 1494 631 1541 uti
651 1494 893 1542 militibus
916 1506 1206 1559 exaequatus
1233 1510 1350 1542 cum
1369 1495 1665 1559 imperatore
1681 1495 1821 1545 labos

376 1573 664 1622 volentibus
682 1584 824 1622 esset.
842 1576 908 1622 Et
933 1574 1048 1622 sane
1070 1575 1258 1622 Marius
1282 1574 1369 1622 illo
1388 1585 1438 1622 et
1456 1574 1564 1622 aliis
1584 1576 1820 1639 tempori-

375 1651 475 1700 bus
491 1653 609 1700 belli
631 1654 826 1716 pudore
841 1654 998 1716 magis
1011 1686 1028 1712 ,
1040 1654 1194 1716 quam
1220 1653 1348 1700 malo
1359 1686 1375 1713 ‚
1389 1655 1664 1702 exercitum
1685 1670 1821 1702 coer·

377 1731 520 1778 cebat
537 1747 548 1777 ε
570 1732 709 1793 quod
728 1731 873 1777 multi
891 1747 983 1792 per
997 1730 1321 1778 ambitionem
1341 1729 1451 1777 fieri
1467 1732 1689 1792 aiebant3
1706 1748 1820 1795 pars

379 1807 519 1871 quod
549 1824 575 1854 a
606 1807 821 1871 pueritia
856 1819 1145 1855 consuetam
1184 1808 1449 1868 duritiam,
1481 1818 1530 1855 et
1558 1808 1648 1856 alia
1668 1844 1685 1870 ‚
1710 1827 1821 1874 quae

380 1888 530 1934 ceteri
557 1887 773 1933 miserias
791 1896 1003 1944 vocant,
1031 1886 1283 1950 voluptati
1307 1886 1584 1934 habuisset.
1611 1888 1723 1935 Nisi
1752 1898 1821 1935 ta-

379 1981 497 2014 men
516 1982 592 2014 res
610 1965 810 2030 publica
828 1965 1041 2028 pariter,
1059 1982 1115 2013 ac
1134 1966 1423 2014 saevissumo
1437 1966 1676 2030 imperio,
1693 1966 1821 2016 bene

380 2054 530 2109 atque
552 2045 728 2092 decore
757 2054 906 2109 gesta.

453 2123 533 2170 CI.
563 2123 746 2170 Iorrun
767 2131 947 2183 quarto
970 2120 1186 2185 denique
1206 2122 1315 2182 die,
1329 2121 1471 2169 haud
1487 2088 1636 2187 longe
1654 2122 1717 2169 ab
1736 2138 1823 2188 op·

380 2201 502 2266 pido
523 2199 652 2249 Cirta
670 2217 755 2247 un
759 2200 895 2264 lique
910 2199 1060 2248 simul
1077 2200 1415 2264 speculatores
1433 2200 1521 2247 citi
1537 2217 1638 2248 sese
1658 2212 1822 2249 osteu-

385 2280 517 2329 dunt
538 2297 553 2338 3
579 2278 680 2344 quai
699 2296 751 2327 re
771 2279 933 2327 hostis
958 2282 1129 2326 adesse
1145 2279 1465 2329 intelleaeritur.
1484 2280 1583 2326 Sed
1603 2281 1720 2344 quia
1746 2281 1820 2328 di-

382 2361 516 2409 vorsi
557 2359 820 2407 redeuntes
839 2391 856 2419 ‚
888 2359 1016 2406 alins
1042 2358 1104 2406 ab
1144 2358 1236 2406 alni
1272 2368 1442 2422 parte,
1475 2369 1626 2422 atque
1646 2348 1821 2408 omues

380 2440 513 2488 idem
540 2437 911 2503 significabant,
944 2439 1119 2486 consul
1153 2439 1371 2486 incertus
1387 2471 1403 2496 ‚
1420 2453 1637 2502 quonam
1667 2439 1820 2489 modo

382 2519 533 2565 aciem
548 2519 834 2578 instrueret,
854 2518 993 2565 nullo
1015 2518 1194 2565 'ordine
1209 2527 1539 2578 commutato,
1551 2518 1818 2567 advorsum

384 2596 551 2645 omnia
584 2608 783 2661 paratus
799 2628 816 2656 ‚
852 2597 1037 2644 ibidem
1087 2597 1362 2661 opperitur.
1403 2598 1475 2643 Ita
1511 2599 1543 2643 J
1549 2598 1818 2662 ugni-tham

386 2691 498 2740 spes
528 2675 791 2735 frustrata,
819 2675 910 2737 qui
949 2677 1119 2740 copias
1143 2677 1198 2722 in
1225 2685 1443 2739 quatuor
1472 2678 1627 2740 partis
1653 2677 1817 2725 distri·

385 2753 561 2801 buerat
575 2788 591 2815 ‚
610 2766 744 2801 ratus
763 2770 826 2800 ex
843 2754 1081 2801 omnibus
1099 2755 1239 2817 aeque
1256 2755 1449 2818 aliquos
1468 2755 1530 2802 ab
1548 2766 1685 2818 tergo
1701 2756 1818 2802 hos·

387 2831 521 2880 tibus
543 2843 800 2882 venturos.
832 2833 1039 2882 Interim
1071 2832 1236 2897 Sulla,
1263 2850 1414 2899 quem
1444 2835 1667 2898 primum
1693 2832 1817 2881 adti-
