2150 3650
827 319 1242 391 CATILINA.
1709 317 1769 364 13

344 438 467 487 pore
499 423 591 470 Cn.
629 421 774 481 Piso,
809 404 1098 469 adolescens
1129 417 1342 476 nobilis,
1387 430 1594 464 summae
1625 413 1772 461 auda-

338 503 424 550 ciae
441 535 458 562 ‚
490 518 636 567 egens
650 534 668 560 ‚
690 501 923 549 factiosus
937 533 954 560 ‚
969 515 1121 563 quem
1153 498 1216 545 ad
1240 494 1627 560 perturbandam
1647 510 1774 541 rem-

338 581 592 645 publicam
611 580 781 642 inopia
799 591 947 643 atque
961 578 1077 625 mali
1104 592 1265 625 mores
1293 574 1628 622 stimulabant.
1646 575 1774 622 Cum

339 660 439 719 hoc
467 660 677 708 Catilina
702 670 754 706 et
784 652 1069 705 Autronius
1086 689 1104 715 ‚
1135 655 1350 703 ¹consilio
1377 654 1746 701 communicato
1760 666 1790 709 ς

337 739 577 803 parabant
597 740 653 785 in
685 738 931 802 Capitolio
958 734 1183 784 kalendis
1208 733 1447 797 januariis
1476 735 1533 779 L.
1575 734 1775 780 Cottam

341 828 392 865 et
416 820 469 873 L.
492 820 805 880 Torquatum
824 815 1053 863 consules
1079 803 1383 870 interficer‘e3
1409 812 1506 879 ipsi
1514 832 1538 870 ·‚
1560 811 1798 858 fascibus·

342 895 584 958 correptis
601 925 620 952 9
666 893 900 940 Pisonem
940 906 1058 938 cum
1105 891 1328 936 exercitu
1371 888 1435 933 ad
1480 888 1778 935 obtinendas

344 962 486 1021 duas*
504 971 768 1034 Hispanias
795 969 1006 1016 mittere.
1040 966 1109 1014 Ea
1145 982 1198 1012 re
1242 964 1473 1026 cognita,
1512 965 1683 1012 rursus
1726 967 1783 1012 iu

343 1065 505 1096 nonas
526 1047 797 1094 februarias
821 1044 1087 1091 consilium
1109 1043 1256 1090 caedis
1275 1043 1654 1090 transtulerant:
1670 1046 1699 1089 J
1703 1059 1791 1090 am.

349 1136 463 1173 tum
497 1123 912 1171 non.consulibus
928 1121 1090 1170 ‹modo
1108 1154 1125 1181 ‚
1154 1122 1242 1169 sed
1271 1121 1526 1184 plerisque
1546 1123 1784 1169 senatori-

350 1203 480 1263 bus,
509 1203 777 1266 perniciem
818 1199 1242 1248 machinabantur.
1291 1201 1446 1260 Quod
1478 1201 1532 1249 ni
1574 1201 1783 1249 Catilina

348 1292 642 1331 maturasset
676 1297 771 1346 Rro
798 1279 933 1327 curia
961 1281 1160 1342 signum
1189 1279 1343 1349 ‘sociis
1380 1280 1542 1340 dares
1567 1295 1627 1326 eo
1674 1281 1753 1328 die
1768 1313 1786 1341 ‚

348 1371 466 1425 post
488 1360 738 1408 conditam
752 1359 940 1406 urbem
969 1374 1256 1417 romam,
1275 1374 1567 1422 pessumum
1589 1360 1783 1408 facinus

349 1451 600 1504 patratum
643 1439 788 1487 foret.
834 1438 967 1499 Quia
1010 1437 1240 1486 nondum
1261 1465 1271 1473 -
1286 1437 1573 1509 frequentes
1608 1441 1787 1488 armati

348 1529 714 1582 convenerant,
741 1534 796 1564 ea
822 1533 899 1564 res
930 1517 1198 1572 consilium
1225 1516 1474 1567 diremit.-

419 1600 559 1649 XIX.
584 1601 777 1647 Posui
796 1597 910 1644 Piso
929 1597 984 1643 in
1009 1595 1292 1643 citeriorem
1312 1597 1603 1659 Hispaniam
1628 1613 1788 1660 quaes-

352 1688 433 1729 tor
457 1693 552 1741 pro
571 1687 782 1740 praetore
809 1675 988 1721 missus
1013 1686 1088 1722 est
1103 1707 1121 1733 ‚
1136 1674 1392 1721 adnitente
1412 1675 1617 1735 Crasso,
1645 1677 1799 1739 quod-

352 1772 468 1804 eum
498 1755 737 1803 infestum
785 1753 1047 1801 inimicum
1074 1754 1167 1800 Cn.
1198 1754 1440 1814 Pompeio
1466 1766 1788 1815 cognoverat.

353 1837 530 1900 Neque
564 1845 730 1881 tamen
753 1844 954 1880 senatus
981 1832 1296 1896 provinciam
1327 1831 1519 1880 invitus
1562 1832 1797 1891 dederam.

354 1916 543 1980 quippe
587 1912 776 1961 foed‘um
813 1901 1073 1959 hominem
1106 1909 1135 1956 a
1180 1909 1437 1972 republica
1467 1911 1648 1973 procul
1685 1929 1791 1960 esse

355 1992 580 2049 volebat3
613 1990 795 2048 simul,
829 1990 948 2052 quia
980 1989 1106 2036 boni
1139 1986 1289 2052 q'uam
1312 1988 1479 2051 plures
1503 1990 1789 2052 praesidinm

355 2069 412 2115 in
439 2085 499 2115 eo
533 2068 809 2131 putabant,
841 2077 890 2113 et
916 2066 1018 2127 jam
1047 2079 1158 2114 tum
1184 2067 1409 2130 potentia
1441 2068 1533 2115 Cn.
1562 2071 1791 2133 Pompeii

357 2146 679 2199 formidolosa
728 2156 846 2191 erat.
887 2144 989 2193 Sed
1024 2146 1067 2192 is
1107 2144 1250 2203 Piso,
1287 2145 1344 2193 in
1381 2147 1690 2209 provinciam
1725 2150 1792 2197 ab

356 2225 610 2291 equitibus
640 2225 889 2288 hispanis,
917 2240 1046 2287 quos
1072 2224 1128 2271 in
1150 2225 1371 2272 exercitu
1402 2224 1665 2289 ductabat,
1696 2230 1802 2278 iter-

355 2303 561 2364 faciens,
599 2304 792 2356 occisus
831 2314 920 2352 est.
963 2306 1095 2352 Sunt
1140 2304 1227 2367 qui
1266 2304 1338 2351 ita
1372 2303 1548 2353 dicunt
1581 2307 1800 2371 imperia·

357 2383 466 2446 ejus
491 2382 702 2445 injusta,
721 2383 933 2447 superba
949 2416 967 2443 ‚
989 2383 1208 2431 crudelia
1220 2414 1238 2442 ‚
1254 2382 1485 2432 barbaros
1506 2388 1793 2450 nequivisse

276 2505 295 2522 ,
361 2462 491 2526 pati3
515 2462 595 2509 alii
620 2474 813 2522 autem,
840 2463 1030 2525 equites
1061 2463 1207 2523 illos,
1230 2464 1320 2511 Cn.
1341 2466 1568 2528 Pompeii
1604 2478 1793 2515 veteres

361 2539 590 2605 fidosque
608 2541 836 2600 clientes,
859 2542 1119 2588 voluntate
1136 2541 1244 2603 ejus
1263 2543 1493 2592 Pisonem
1517 2545 1794 2610 adgressos:

360 2636 635 2683 numquam
655 2621 902 2684 Hispanos
920 2631 1156 2684 praeterea
1176 2621 1269 2667 tale
1296 2621 1488 2669 facinus
1506 2623 1693 2686 fecisse,
1711 2626 1802 2673 sed¹
1821 2663 1825 2670 .

360 2699 565 2766 imperia
593 2714 721 2746 saeva
746 2698 903 2746 multa
934 2708 1092 2746 antea.
1111 2715 1386 2763 perpessos.
1416 2700 1523 2749 Nos
1549 2718 1657 2750 eam
1688 2721 1791 2752 rem

360 2778 417 2828 in
452 2778 614 2826 medio
653 2777 1007 2842 relinquemus.
1040 2779 1117 2825 De
1153 2779 1407 2841 superiore
1451 2780 1798 2842 conjuratione

360 2857 479 2920 satis
506 2856 708 2908 dictum.

1480 2952 1508 2983 α
