2150 3650
408 263 468 308 18
668 235 1069 314 .c.cn1sr1
1121 230 1560 331 SALLnsTn

402 360 621 409 alienum
655 359 839 420 grande
881 358 1233 411 conflaverant.
1278 361 1372 407 Per
1410 374 1488 405 eas
1536 372 1587 405 se
1628 358 1833 406 Catilina

400 437 629 485 credebat
662 450 811 500 posse
851 439 1050 485 servitia
1091 438 1278 485 urbana
1317 438 1579 486 sollicitare
1604 471 1621 498 ,
1658 437 1835 484 urbem

397 515 657 562 incendere
676 548 693 576 ‚
716 516 850 564 viros
884 532 1054 564 earum
1089 518 1171 564 vel
1196 516 1463 580 adjungere
1496 517 1590 564 sibi
1610 550 1629 578 ,
1650 517 1729 564 vel
1758 516 1833 562 in-

397 593 634 641 terficere.

465 675 630 720 XXV.
671 676 770 721 San
806 676 875 722 ιιι
897 674 977 721 his
1014 685 1120 721 erat
1159 675 1449 739 Sempronia
1467 707 1484 734 ,
1530 688 1640 738 qua!
1678 673 1836 720 multa

394 767 523 820 saepe
547 752 700 801 virilis
727 753 943 824 audaciae
976 754 1192 801 facinora
1226 755 1556 802 commiserat.
1582 755 1698 799 Haec
1722 766 1834 798 mu-

391 830 483 877 lier
508 846 686 893 genere
700 843 856 895 atque
880 816 1064 892 forma,
1091 844 1324 896 praeterea
1348 834 1484 893 viro,
1500 832 1699 890 liberis,
1717 830 1833 878 satis

393 908 674 958 fortunata:
690 912 867 960 litteris
896 913 1062 975 graecis
1077 922 1228 975 atque
1247 913 1412 960 latinis
1432 911 1601 963 docta·
1614 909 1834 973 psallere,

393 989 568 1037 aaltare
600 989 874 1056 elegantius
903 991 1055 1055 quam
1076 1006 1290 1038 ,necesse
1327 1001 1402 1037 est
1439 990 1610 1053 probae
1627 1005 1645 1035 τ
1677 989 1836 1036 multa

395 1069 504 1129 alia,
519 1086 631 1132 quae
648 1071 984 1118 iustrumenta
1003 1071 1235 1118 luxuriae.
1255 1070 1354 1117 Sed
1372 1070 1417 1116 ei
1436 1070 1623 1116 cariora
1641 1083 1836 1130 semper

394 1150 564 1201 omnia
583 1149 733 1212 quam
760 1150 911 1196 decus
935 1160 1087 1213 atque
1105 1148 1347 1211 pudicitia
1369 1134 1489 1194 l'uit.
1517 1147 1743 1195 Pecuniae
1770 1163 1835 1193 an
1885 1142 1890 1147 ’

393 1228 537 1275 famae
551 1226 720 1275 minin
740 1237 979 1291 parceret,
997 1225 1137 1272 haud
1150 1226 1289 1279 facile
1308 1226 1633 1273 discerneres:
1654 1224 1831 1272 lubido

384 1307 465 1353 sic
493 1321 720 1365 accensa,
735 1316 796 1353 ut
814 1300 993 1367 saepiifs
1016 1314 1208 1368 peteret
1233 1305 1371 1351 viros
1393 1303 1544 1368 quam
1562 1307 1831 1367 peteretur.

391 1384 572 1435 Sedea
590 1383 718 1446 πρὸ
739 1383 947 1430 antehac
972 1381 1125 1429 fidem
1151 1381 1464 1446 prodiderat,
1486 1383 1731 1430 creditum
1750 1384 1832 1430 ab·

390 1462 667 1524 iuraverat,
687 1461 833 1510 caedie
856 1461 1052 1509 conscia
1072 1461 1259 1520 fuerat,
1276 1460 1480 1509 luxuria
1496 1471 1647 1524 atque
1659 1461 1830 1525 inopia

386 1556 613 1605 ‚praecepa
638 1540 840 1588 abierat.
874 1538 1067 1587 Verum
1092 1540 1352 1604 ingenium
1377 1539 1484 1602 ejus
1507 1539 1643 1587 haud
1661 1539 1831 1588 absur-

393 1620 544 1679 dum3
572 1637 717 1685 posse
742 1637 915 1668 versus
936 1619 1119 1681 facere,
1142 1619 1315 1683 jocum
1341 1635 1573 1680 movere,
1600 1632 1831 1667 sermone

393 1700 472 1759 uti
498 1699 580 1746 vel
614 1698 874 1760 modesto,
911 1699 991 1746 vel
1030 1699 1174 1749 molli
1194 1732 1210 1759 ,
1247 1699 1324 1746 vel
1364 1700 1578 1763 procaci.
1620 1702 1830 1747 Prorsus

393 1764 564 1828 niultae
581 1779 793 1839 facetiae,
813 1779 1108 1843 multusque
1125 1779 1266 1843 lepos
1282 1779 1457 1826 inerat.
1748 1808 1756 1820 .
1805 1812 1815 1820 .

463 1860 655 1907 XXVI.
682 1860 774 1906 Hxs
800 1858 951 1906 rebus
975 1859 1300 1921 comparatis,
1329 1858 1538 1905 Catilina
1558 1857 1720 1905 nihilo
1737 1857 1828 1902 mi-

389 1937 488 1986 nus
510 1939 564 1988 in
582 1953 892 2002 proxumum
916 1953 1108 1985 annum
1132 1938 1449 1985 consulatum
1473 1935 1695 1999 petebat;
1715 1952 1826 2000 epe—

389 2035 533 2078 ranS,
556 2018 598 2064 si
626 2017 911 2081 designatus
935 2016 1091 2077 foret,
1114 2016 1255 2064 facile
1281 2033 1333 2064 ee
1360 2031 1424 2062 ex
1440 2015 1699 2063 voluntate
1725 2015 1829 2062 An-

392 2097 534 2146 tonio
560 2112 791 2144 usurum.
818 2097 995 2159 Neque
1020 2097 1208 2144 interea
1236 2095 1436 2158 quietus
1465 2105 1592 2153 erat,
1614 2093 1702 2141 sed
1718 2110 1826 2141 om-

393 2176 547 2222 nibus
583 2174 746 2223 modis
784 2174 988 2222 insidias
1015 2174 1217 2235 parabat
1249 2173 1504 2220 Ciceroni.
1541 2174 1720 2235 Neque
1753 2173 1829 2220 illi

391 2264 558 2301 tamen
597 2252 659 2299 ad
697 2251 975 2300 cavendum
1017 2251 1164 2317 dolus
1179 2284 1196 2310 ,
1239 2260 1329 2297 aut
1374 2251 1566 2298 astutiae
1609 2250 1828 2299 deerant.

379 2333 624 2393 ,Namque
644 2346 670 2375 a
695 2328 942 2392 principio
971 2326 1261 2376 consulatus
1286 2330 1385 2390 sui,
1405 2330 1564 2377 multa
1591 2330 1829 2394 pollicen-

395 2411 461 2458 do
498 2425 588 2472 per
626 2408 880 2467 Fulviam,
920 2407 1150 2454 effecerat
1177 2419 1236 2455 ut
1278 2409 1343 2468 Q.
1382 2409 1589 2470 Curius,
1631 2410 1691 2457 de
1722 2427 1826 2474 quo

393 2488 565 2553 paullo
593 2487 707 2534 ante
730 2486 1029 2546 memoravi,
1054 2486 1259 2534 consilia
1287 2488 1508 2536 Catilinae
1530 2489 1625 2536 sibi
1645 2490 1825 2553 prode

389 2579 483 2615 ret.
510 2566 591 2612 Ad
616 2566 715 2613 hoc
733 2565 972 2628 collegam
994 2582 1144 2613 suum
1167 2565 1448 2614 Antonium
1462 2569 1694 2631 pactione
1708 2583 1825 2629 pro·

383 2647 570 2700 2vinciae
586 2644 898 2707 perpulerat,
923 2660 988 2691 ne
1019 2655 1191 2692 contra
1217 2646 1577 2709 rempublicam
1601 2647 1822 2694 sentiret.

390 2725 592 2782 Circum
605 2741 656 2771 se
670 2723 895 2787 praesidia
907 2725 1180 2771 amicorum
1195 2735 1344 2788 atque
1357 2725 1611 2772 clientium
1625 2721 1825 2774 'occulte

382 2803 622 2859 habebat.
648 2804 918 2866 Postquam
941 2802 1056 2869 'dies
1082 2802 1403 2856 comitiorum
1430 2806 1598 2863 venit,
1624 2815 1679 2854 et.
1696 2804 1827 2853 Cati-
