2150 3650
391 302 456 348 30
678 300 733 347 C.
770 299 1049 348 CRISPI
1102 299 1545 348 SALLUSTII

389 413 480 461 per
499 394 767 444 Gabinium
798 407 988 444 ceteros
1007 397 1351 456 conveniunt3
1378 396 1440 444 ab
1472 395 1684 445 Lentulo
1698 429 1716 456 ‚
1735 398 1832 447 Ce-

394 475 542 539 thego
560 506 578 535 ‚
616 475 812 523 Statilio
830 508 846 536 ‚
874 475 994 523 item
1039 475 1207 523 Cassio
1232 507 1249 535 ‚
1279 475 1536 540 postulant
1577 475 1832 538 jusjuran-

393 553 515 601 dum
528 585 545 613 ‚
564 553 705 617 quod
730 555 979 620 signatum
1006 554 1069 601 ad
1086 555 1209 602 civis
1225 554 1506 617 perferant3
1525 554 1664 602 aliter
1689 554 1832 601 haud

389 632 528 680 facile
546 649 631 680 eos
657 633 721 680 ad
740 643 937 682 tantum
962 635 1221 697 negotium
1258 633 1450 696 impelli
1478 649 1639 697 posse.
1666 634 1832 681 Ceteri

388 711 517 759 nihil
542 713 851 776 suspicantes
873 712 995 760 daut
1015 730 1029 759 ι
1048 713 1245 761 Cassius
1276 723 1433 759 semet
1460 713 1521 760 eo
1543 712 1684 759 brevi
1707 727 1829 758 ven·
1925 752 1933 757 .

392 801 565 838 turum
597 791 888 855 pollicetur,
920 806 977 838 sc
1014 791 1188 854 paullo
1220 802 1334 838 ante
1375 791 1561 857 legatos
1604 807 1668 838 ex
1703 789 1828 838 urbe

390 868 744 937 proficiscitur.
800 870 1046 918 Lentulus
1094 886 1211 918 cnm
1265 870 1345 917 his
1398 872 1459 917 T.
1506 870 1828 917 Volturcium

391 949 659 1013 quemdam
675 950 1052 998 Crotoniensem
1066 950 1249 1009 mittit,
1267 950 1347 997 uti
1363 948 1676 1012 Allobroges,
1687 946 1831 1013 prius

391 1027 543 1092 quim
570 1029 779 1076 domum
806 1039 1068 1093 pergerent
1084 1061 1101 1089 ‚
1127 1044 1245 1075 cum
1278 1027 1512 1088 Catilius,
1542 1027 1655 1075 dati
1680 1038 1729 1074 et
1751 1043 1829 1074 ac-

394 1106 538 1172 cepti
566 1106 667 1156 fide
680 1141 697 1169 ‚
727 1109 1009 1156 societatem
1026 1106 1398 1155 confirmarent.
1436 1107 1549 1170 Ipse
1566 1106 1832 1155 Volturcio

391 1188 580 1235 litteras
615 1186 678 1234 ad
705 1186 965 1234 Catilium
992 1184 1106 1246 dat,
1135 1201 1348 1248 quarum
1378 1185 1664 1249 exemplum
1699 1184 1830 1233 infr&

393 1268 666 1332 scriptum:

368 1392 375 1396 ,
463 1368 486 1389 ι
524 1346 653 1405 Quis
680 1344 775 1391 sim
794 1359 857 1391 ex
878 1359 938 1391 eo
961 1358 1114 1406 quem
1140 1342 1205 1389 ad
1230 1348 1278 1390 t'e
1296 1343 1408 1391 misi
1433 1359 1717 1407 cognosces.
1739 1347 1836 1391 Fsc

394 1446 416 1465 κ
452 1424 639 1485 cogites
670 1423 727 1468 in
752 1420 938 1483 quanti
963 1421 1333 1467 calamitate-sis
1350 1452 1368 1481 ‚
1393 1432 1444 1468 et
1471 1410 1760 1470 meuflneris
1786 1428 1839 1470 t'e

393 1523 415 1545 ι
452 1502 649 1557 virum;
687 1498 969 1546 consideres
1007 1497 1131 1562 quid
1163 1509 1264 1545 tuae
1290 1499 1507 1545 rationes
1540 1499 1803 1561 postulent
1824 1518 1839 1547 ε

396 1602 419 1623 ι
453 1578 697 1627 auxilium
717 1588 856 1641 petas
880 1576 942 1623 ab
963 1576 1230 1636 omnibus,
1254 1577 1402 1624 etism
1434 1576 1496 1623 ab
1512 1575 1720 1626 infimis.
1741 1599 1766 1622 ι

465 1658 547 1706 Ad
564 1657 663 1705 hoc
677 1656 907 1703 mandata
923 1655 1088 1703 verbis
1107 1656 1214 1703 dat:
1226 1676 1247 1698 α
1260 1656 1436 1717 Quum
1450 1655 1512 1703 ab
1530 1666 1706 1705 senatu
1723 1658 1840 1725 hos-

395 1759 417 1779 n
454 1736 517 1784 tis
534 1735 786 1799 judicatus
805 1736 869 1783 sit
882 1767 901 1796 .,
919 1751 1021 1800 quo
1044 1735 1253 1783 consilio
1275 1736 1474 1783 servitia
1491 1735 1757 1800 repudiet?
1779 1738 1838 1785 in

396 1839 418 1859 κ
457 1817 583 1865 urbe
610 1826 778 1881 parata
807 1832 911 1864 esse
937 1830 1049 1879 quae
1073 1813 1305 1879 jusserim
1333 1832 1401 1863 ne
1429 1824 1698 1864 cunctetur
1728 1816 1837 1883 ipse

397 1919 420 1940 α
452 1895 663 1962 propius
690 1896 933 1943 accedere.
953 1916 975 1938 a

467 1979 622 2025 XLV.
656 1976 760 2025 ,His
795 1974 947 2023 rebus
981 1975 1049 2023 its
1076 1976 1225 2037 actis,
1250 1975 1523 2024 constituti
1554 1987 1702 2024 nocte
1738 1974 1838 2040 quii

395 2055 860 2123 proficiscerentur,
881 2056 1052 2104 Cicero
1062 2087 1081 2116 ‚
1098 2073 1189 2120 per
1202 2058 1390 2121 legatos
1407 2065 1588 2103 cuncta
1605 2055 1840 2116 edoctus,

399 2140 455 2186 L.
475 2137 675 2185 Valerio
702 2135 877 2184 Flacco
901 2145 952 2184 et
980 2136 1034 2183 C.
1055 2135 1294 2183 Pomtino
1310 2134 1611 2197 praetoribus
1628 2134 1842 2197 imperat

403 2218 482 2264 uti
503 2217 559 2262 in
576 2224 735 2280 ponte
760 2212 958 2260 Mulvio
986 2229 1077 2275 per
1095 2212 1296 2261 insidias
1321 2213 1652 2278 Allobrogum
1685 2212 1841 2260 comi-

402 2305 536 2343 tatus
555 2290 958 2355 deprehendant5
975 2307 1082 2337 rem
1101 2306 1303 2339 omnem
1320 2292 1507 2355 sperit,
1523 2291 1668 2354 cujus
1687 2291 1844 2355 grati&

404 2370 731 2422 mittebantur
751 2384 763 2413 :
791 2379 951 2415 cetera
976 2369 1056 2415 uti
1083 2369 1213 2416 facto
1233 2386 1362 2433 opus
1388 2371 1453 2417 sit
1469 2372 1537 2417 its
1563 2380 1706 2434 agant
1725 2387 1840 2435 per-

403 2450 574 2498 mittit.
612 2447 851 2494 Homines
888 2446 1155 2509 militares,
1192 2448 1298 2495 sine
1328 2449 1553 2497 tumultu
1601 2449 1843 2514 praesidiis

401 2526 678 2585 collocatis,
721 2525 869 2572 sicuti
903 2538 1210 2590 praeceptum
1238 2538 1367 2589 erat,
1404 2528 1600 2576 occulte
1627 2539 1841 2592 pontem

406 2606 661 2657 obsidunt.
688 2605 961 2668 Postquam
986 2605 1051 2652 sd
1069 2605 1126 2652 id
1151 2606 1250 2653 loci
1273 2607 1422 2671 legati
1439 2622 1556 2655 cum
1574 2607 1845 2656 Volturcio

410 2684 609 2745 venere,
631 2693 682 2731 et
707 2682 859 2731 simul
877 2684 1133 2748 utrimque
1150 2679 1338 2733 clamor
1354 2696 1563 2734 exortus
1579 2695 1679 2746 est3
1698 2686 1846 2749 Galli,

407 2766 507 2814 cito
538 2763 743 2828 cognito
771 2762 1012 2825 consilio,
1036 2764 1144 2811 siue
1170 2762 1310 2813 mori
1338 2764 1637 2828 praetoribus
1670 2781 1721 2814 se
1746 2776 1845 2814 tra—

408 2846 553 2895 dunt.
582 2843 874 2894 Volturcius
893 2844 1058 2912 primo
1072 2877 1091 2909 ‚
1118 2844 1414 2894 cohortatus
1435 2838 1653 2908 ceteros,
1677 2844 1843 2911 gladio
