2150 3650
696 422 708 438 .
833 369 874 418 C
885 368 933 417 A
949 370 992 416 Τ
1004 370 1028 415 1
1039 369 1081 416 1.
1095 368 1120 414 1
1136 368 1185 418 N
1199 364 1263 415 A.
1724 361 1789 420 39
1829 388 1834 395 ·

358 484 379 508 ι
416 473 566 529 atque
585 464 680 513 tela
702 464 928 514 militaria
950 465 1011 513 ab
1032 464 1366 523 Samnitibus,
1383 460 1594 526 insignia
1618 456 1797 521 magis-

356 563 376 585 u
413 554 635 592 tratuum
647 545 708 592 ab
725 546 901 592 Tuscis
920 546 1158 609 pleraque
1177 552 1487 592 sumserunt:
1510 538 1797 606 postrema,

354 643 376 664 α
412 623 556 686 quod
574 623 766 688 ubique
782 624 918 688 apud
936 625 1101 673 socios
1120 635 1207 671 aut
1225 624 1386 683 hostis
1403 622 1644 670 idoneum
1657 617 1796 665 vide·

351 722 374 743 ι
408 701 582 762 batur,
617 719 735 751 cum
765 718 966 759 summo
993 703 1165 751 studio
1195 703 1334 751 domi
1358 696 1795 765 exsequebantur:

354 800 375 821 α
411 781 622 843 imitari,
653 781 802 847 quam
833 782 1058 830 invidere
1083 782 1259 841 bonis,
1279 768 1546 828 malebant.
1584 777 1682 827 Sed
1711 792 1795 824 eo-

352 879 374 901 ·
411 858 525 906 dem
544 860 634 908 illo
657 871 888 923 tempore
908 893 926 920 ‚
961 861 1161 907 Graeciae
1179 876 1370 908 morem
1398 859 1603 917 imitati,
1621 855 1795 905 verbe-

352 957 373 980 «
409 924 554 985 ribus
585 937 1053 985 animadvertebant
1085 939 1142 984 in
1173 937 1295 983 civis
1308 969 1326 995 .,
1362 937 1424 983 de
1456 933 1800 983 condemnatis

353 1035 375 1057 n
412 1030 671 1078 summum
700 1014 1007 1076 supplicium
1027 1013 1307 1061 sumebant.
1325 1015 1599 1074 Postquam
1626 1026 1799 1072 respu-

354 1112 376 1134 ι
412 1090 542 1137 blica
578 1089 800 1137 adolevit
846 1100 899 1137 ct
934 1090 1266 1139 multitudine
1314 1090 1503 1137 civium
1557 1088 1799 1137 factiones

356 1190 380 1211 «ι
418 1168 645 1229 valuere,
682 1168 1046 1217 circumvenire
1078 1170 1376 1218 innocentes
1393 1202 1411 1229 ‚
1443 1167 1535 1215 alia
1567 1165 1802 1228 hujusce-

355 1268 378 1289 «
416 1247 555 1294 modi
591 1246 701 1295 fleri
736 1262 944 1312 coepere.
965 1250 1098 1296 Tum
1116 1248 1197 1297 lex
1225 1249 1401 1297 Porcia
1426 1248 1633 1311 aliaeque
1658 1261 1801 1310 para-

352 1346 377 1375 ,α
418 1330 507 1387 tae,
535 1326 723 1391 quibus
741 1326 937 1391 legibus
961 1328 1195 1376 exsilium
1223 1327 1465 1375 damnatis
1484 1325 1800 1392 permissum.

351 1426 374 1447 α
409 1405 550 1453 Hanc
567 1422 660 1471 ego
687 1420 935 1467 caussam,
967 1416 1134 1471 patres
1160 1408 1464 1471 conscripti‚·
1495 1407 1601 1471 qu«)
1628 1402 1797 1477 minus

351 1505 373 1527 ι
410 1500 604 1532 novum
640 1486 908 1533 consilium
942 1487 1195 1550 capiamus
1213 1519 1230 1546 ,
1271 1487 1326 1533 in
1360 1486 1535 1551 primis
1568 1501 1798 1550 magnam

349 1584 371 1605 κ
406 1575 552 1627 puto.
603 1565 838 1614 Profe-ct&
874 1564 1037 1613 virtus
1084 1577 1235 1629 atque
1275 1566 1513 1629 sapientia
1547 1565 1709 1627 major
1741 1565 1798 1612 in

348 1663 369 1685 α
406 1641 501 1690 illis
528 1642 626 1691 fuit
664 1645 755 1707 qni
790 1659 854 1690 ex
883 1646 1053 1709 parvis
1079 1644 1263 1710 opibus
1295 1655 1492 1693 tantum
1525 1646 1795 1708 imperium

349 1737 376 1764 a·
408 1722 593 1783 fecere,
620 1719 777 1787 quam
797 1723 855 1769 in
878 1723 1028 1771 nobis
1062 1726 1153 1787 qui
1173 1740 1229 1771 ea
1252 1723 1384 1772 bene
1400 1735 1542 1788 parta
1560 1725 1650 1773 vix
1676 1724 1795 1772 reti-

348 1823 369 1844 «
407 1818 605 1850 nemus.
634 1801 804 1850 Placet
826 1801 982 1866 igitur
1002 1800 1104 1864 leos
1133 1801 1347 1862 dimitti,
1367 1812 1419 1849 et
1448 1786 1630 1866 augeri⁸
1656 1819 1795 1851 exer-

349 1903 371 1924 «
410 1882 571 1929 eitum
593 1881 851 1929 Catilinae?
879 1879 1130 1929 Minumez
1165 1880 1262 1929 Sed
1294 1881 1365 1928 ita
1390 1896 1596 1930 censeo:
1621 1882 1793 1930 Publi·

347 1980 370 2001 «
407 1960 588 2007 caudas
617 1973 796 2007 eorum
826 1961 1064 2024 pecunias
1082 1992 1100 2020 ‚
1132 1961 1270 2023 ipsos
1289 1961 1345 2007 in
1362 1960 1575 2008 vinculis
1609 1961 1794 2009 haben-

351 2056 374 2078 «
415 2035 507 2082 dos
544 2050 635 2098 per
663 2036 934 2098 municipia
967 2053 1084 2100 quae
1117 2036 1362 2084 maxume'
1384 2038 1570 2101 opibus
1598 2039 1795 2087 valent:

351 2136 373 2157 a
411 2129 514 2162 neu
552 2114 666 2179 quis
704 2112 765 2159 de
796 2113 876 2161 his
901 2124 1078 2176 postea
1102 2114 1166 2161 ad
1193 2125 1420 2163 senatum
1446 2117 1650 2180 referat,
1670 2134 1797 2167 neve

347 2214 372 2237 ιι
407 2208 526 2240 cum
563 2192 762 2258 populo
811 2203 922 2257 agat
950 2209 964 2240 ε
1006 2193 1098 2256 qui
1140 2193 1285 2242 aliter
1329 2193 1500 2244 fecerit
1518 2229 1535 2257 ‚
1566 2209 1793 2247 senatum

344 2295 368 2317 «ι
406 2273 734 2331 existumare,
762 2287 879 2320 eum
909 2282 1085 2321 contra
1115 2272 1474 2338 rempublicam
1502 2287 1552 2325 et
1579 2279 1789 2328 salutem

345 2373 367 2394 κ
405 2351 634 2399 omnium
652 2349 921 2400 facturum.
943 2372 966 2395 n
1688 2403 1697 2412 ·

414 2431 525 2477 LII.
559 2432 838 2487 Poermn
856 2432 1016 2481 Caesar
1041 2432 1242 2481 dicendi
1258 2432 1412 2483 finem
1443 2436 1591 2499 fecit,
1609 2440 1760 2487 ceteri
1774 2474 1791 2501 .,

347 2508 505 2558 verbo
521 2508 662 2570 alius,
682 2509 764 2557 alii
779 2510 932 2573 varie,
949 2511 1375 2563 adsentiebantur.
1390 2513 1460 2563 At
1486 2518 1563 2566 M.
1581 2518 1788 2567 Porcius

343 2590 468 2638 Cato
481 2622 497 2651 ‚
530 2598 734 2652 rogatus
765 2591 1090 2652 sententiam,
1125 2591 1482 2656 hujuscemodi
1509 2598 1787 2647 orationem

344 2667 555 2716 habuit:
849 2715 854 2721 ,

413 2768 436 2789 α
470 2746 640 2811 Longe
673 2747 802 2795 mihi
837 2747 927 2795 alia
967 2763 1108 2798 mens
1148 2762 1249 2813 est,
1278 2762 1444 2817 patres
1482 2756 1786 2820 conscripti,

344 2847 364 2867 ι
401 2842 561 2889 quum
580 2841 658 2874 res
668 2837 818 2892 atquc
831 2829 1051 2891 pericula
1063 2841 1235 2879 nostra
1244 2833 1534 2895 considero,
1558 2844 1609 2882 et
1622 2850 1783 2898 quum

344 2923 366 2947 c
404 2905 668 2955 sententias
691 2906 1058 2959 nonnullorum
1085 2924 1281 2960 mecum
1315 2912 1424 2976 ipse
1461 2921 1663 2975 reputo.
1702 2911 1782 2961 nli
