2150 3650
852 370 1328 419 JUGURTHA.
1705 368 1807 416 135

370 455 522 526 cidit,
554 465 616 516 οὸ
653 465 813 515 acrius
846 469 1064 515 Romani
1097 469 1280 516 instare
1298 503 1315 528 ‚
1342 466 1552 515 fundere
1565 499 1582 528 ,
1616 482 1674 514 ac
1710 466 1814 530 ple—

366 558 554 607 rosque
575 547 926 595 tantummodo
946 548 1194 609 sauciare,
1222 548 1339 597 dein
1358 563 1510 612 super
1529 546 1813 595 occisorum

369 637 580 686 corpora
593 624 788 686 vadere,
806 627 939 674 avidi
957 628 1126 691 gloriae
1140 637 1384 674 certantes
1400 643 1607 674 murum
1630 636 1818 691 petere,

366 716 532 765 neque
550 719 856 768 quemquam
875 706 1105 753 omnium
1136 704 1304 769 praeda
1336 706 1533 754 morari.
1564 706 1649 754 Sie
1686 703 1815 753 forte

369 792 588 829 correcta
606 783 755 831 Marii
782 785 1033 831 temeritas
1049 782 1258 846 gloriam
1277 799 1343 830 ex
1360 782 1509 848 culpa
1525 785 1736 832 invenit.

439 861 598 909 XCV.
641 864 919 922 Cri-naun,
947 861 1072 908 dum
1098 877 1154 909 ea
1187 877 1266 909 res
1303 863 1524 928 geritur,
1545 864 1603 910 L.
1641 863 1776 911 Sulla
1795 896 1813 923 ,

369 950 590 1003 quaestor
606 972 624 998 ,
650 956 766 988 cum
787 956 969 1003 magno
998 940 1228 1004 equitatu
1243 941 1301 987 in
1316 950 1474 988 castra
1490 941 1629 987 venit
1653 957 1667 998 3
1686 958 1814 1003 quos

372 1019 450 1066 uti
476 1034 541 1065 ex
557 1019 698 1066 Latio
725 1030 776 1066 et
793 1034 822 1065 a
840 1019 985 1067 sociis
1011 1030 1237 1083 cogeret,
1263 1021 1440 1067 Romae
1469 1019 1675 1067 relictus
1694 1029 1815 1066 erat.

368 1094 466 1144 Sed
478 1128 496 1156 ,
514 1097 753 1159 quoniam
784 1098 911 1145 tanti
930 1098 1027 1145 viri
1045 1115 1125 1145 res
1150 1099 1416 1147 admonuit
1429 1131 1447 1159 ,
1472 1097 1715 1145 idoneum
1736 1098 1809 1145 vi-

367 1190 482 1222 sum
505 1184 580 1223 est
595 1208 613 1236 ,
639 1176 701 1224 de
719 1176 895 1225 natura
923 1178 1170 1241 cultuque
1187 1178 1296 1241 ejus
1321 1178 1494 1241 paucis
1513 1176 1692 1226 dicem.
1711 1178 1814 1227 Ne·

361 1271 461 1319 que
479 1255 614 1304 euim
644 1256 742 1304 alio
759 1257 881 1304 loco.
900 1256 962 1304 de
982 1258 1135 1305 Sullae
1153 1257 1306 1306 rebus
1323 1258 1507 1305 dicturi
1526 1272 1702 1304 sumus
1723 1273 1736 1304 ε
1760 1267 1810 1305 et

357 1335 414 1381 L.
443 1334 651 1381 Sisenna
683 1336 894 1400 optume
922 1348 973 1384 et
999 1335 1395 1402 diligentissume
1426 1337 1682 1396 omnium,
1720 1337 1811 1400 qui

361 1428 445 1461 eas
469 1429 548 1462 res
573 1413 774 1476 dixere,
801 1427 1128 1480 persecutus,
1161 1433 1344 1483 parum
1383 1417 1510 1468 mihi
1537 1415 1697 1464 libero
1721 1431 1808 1464 ore

359 1492 564 1543 locutus
584 1493 801 1543 videtur.
822 1496 988 1559 Igitur
1003 1497 1144 1545 Sulla
1162 1497 1325 1562 gentis
1342 1496 1564 1561 patriciae
1580 1530 1600 1558 ,
1617 1495 1806 1545 familia

357 1575 516 1637 prope
533 1573 639 1637 jam
658 1575 902 1623 exstincta
921 1574 1172 1637 majorum
1188 1576 1386 1643 ignavia
1401 1610 1418 1638 ,
1439 1577 1620 1625 litteris
1637 1577 1806 1641 graecis

357 1662 508 1715 atque
535 1653 703 1700 latinis
720 1654 866 1715 juxta
891 1666 1043 1717 atque
1070 1654 1379 1703 doctissume
1401 1656 1631 1704 eruditus
1651 1686 1667 1716 ,
1702 1658 1807 1704 ani·

360 1746 445 1779 mo
469 1732 697 1795 ingenti,
721 1731 939 1794 cupidus
967 1733 1296 1795 voluptatum
1310 1765 1331 1793 ,
1354 1734 1442 1780 sed
1468 1734 1638 1797 gloriae
1668 1736 1807 1799 cupi—

360 1808 510 1868 dim-3
548 1809 655 1856 otio
680 1808 976 1867 luxurios03
1006 1819 1174 1858 tamen
1202 1809 1264 1857 ab
1292 1811 1503 1875 negotiis
1525 1829 1805 1877 numquam

356 1887 589 1952 voluptas
607 1898 854 1935 remorata
874 1922 890 1948 ‚
908 1888 1005 1935 nisi
1021 1888 1165 1952 quod
1185 1888 1246 1936 de
1259 1907 1422 1939 uxore
1438 1892 1610 1955 potuit
1622 1890 1804 1940 hones·

357 1966 459 2016 tius
481 1967 711 2016 consuli:
737 1965 1016 2025 facundus,
1040 1968 1278 2030 callidus,
1294 1978 1345 2016 et
1369 1969 1584 2017 amicitiai
1612 1970 1801 2032 facilis3

358 2046 422 2094 ad
447 2045 729 2093 simulanda
759 2047 963 2110 negotia
986 2045 1206 2095 altitudo
1243 2049 1435 2113 ingenii
1460 2049 1765 2099 incredibilis
1785 2068 1802 2111 3

355 2127 628 2174 multarum
648 2140 816 2171 rerum
835 2157 853 2184 ,
883 2140 940 2171 ac
958 2126 1193 2173 maxume
1210 2128 1436 2190 pecurtiae
1456 2129 1693 2192 largitor:
1725 2141 1800 2179 at-

357 2221 456 2271 que
491 2203 798 2252 felicissumo
835 2205 1066 2252 omnium
1105 2216 1220 2253 ante
1259 2206 1455 2255 civilem
1497 2208 1759 2257 victoriam
1784 2244 1801 2273 ,

358 2300 638 2350 numquam
670 2299 822 2348 super
844 2283 1145 2343 industriam
1175 2285 1382 2335 fortuna
1404 2287 1505 2336 fuit
1526 2289 1805 2356 3multique

358 2364 678 2425 dubitavere,
712 2362 896 2414 fortior
914 2397 933 2425 ,
962 2380 1027 2411 an
1061 2364 1256 2414 felicior
1282 2378 1427 2416 esset.
1471 2368 1602 2417 Nam
1628 2381 1802 2434 postea

353 2461 464 2509 quae
483 2443 657 2492 fecerit
675 2476 693 2506 ,
716 2445 967 2493 incertum
988 2443 1152 2494 habeo
1167 2479 1185 2509 ,
1207 2446 1396 2510 pudeat
1417 2449 1598 2514 magis,
1631 2466 1697 2500 an
1720 2453 1797 2517 pi-

353 2536 464 2587 geat
485 2523 740 2571 disserere.

422 2604 561 2653 XCV
562 2603 603 2650 1.
628 2604 811 2651 Ion-ua
838 2601 1000 2664 Sulla,
1028 2614 1089 2652 ut
1106 2604 1258 2669 supra
1279 2602 1500 2669 dictum,
1524 2618 1792 2675 postquam

351 2682 407 2731 in
423 2682 645 2730 Africam
663 2693 813 2746 atque
829 2682 885 2730 in
902 2692 1063 2730 castra
1086 2684 1233 2731 Marii
1251 2701 1369 2734 cum
1388 2688 1619 2751 equitatu
1639 2691 1804 2753 venit,

351 2760 492 2809 rudis
511 2772 654 2808 antea
682 2771 732 2809 et
749 2761 953 2824 ignarus
970 2759 1092 2808 belli
1113 2795 1130 2821 ,
1157 2762 1549 2814 sollertissumus
1566 2769 1793 2815 omnium

348 2840 406 2887 in
435 2839 610 2903 paucis
638 2838 1019 2905 tempestatibus
1053 2838 1215 2889 factus
1244 2854 1340 2892 est.
1369 2844 1453 2892 Ad
1482 2845 1581 2893 hoc
1601 2842 1791 2894 ‘milites

348 2917 563 2984 benigne
592 2917 864 2983 adpellare3
897 2917 1073 2968 multis
1110 2922 1405 2987 rogantibus
1423 2955 1442 2986 ,
1475 2923 1582 2972 aliis
1617 2940 1710 2990 per
1742 2940 1795 2975 se
