2150 3650
809 318 1322 369 JUGURTHA„
1720 315 1816 363 123

386 436 408 457 α
447 430 590 474 cere3
613 429 788 482 cogere
814 416 878 464 ad
905 418 1134 465 militiam
1153 451 1170 478 ,
1202 432 1334 482 quos
1367 412 1499 463 nolis
1529 412 1820 471 offendere;

384 515 407 537 ιι
448 494 584 543 domi
605 495 827 559 forisque
852 497 1019 545 omnia
1036 512 1241 556 eurare3
1265 505 1316 542 et
1342 509 1395 541 ea
1424 508 1566 556 agere
1589 493 1720 540 inter
1745 491 1821 537 in-

382 596 405 617 «
444 573 589 624 vidos
604 607 621 634 ‚
643 564 947 624 obcursantis
966 607 983 635 ,
1001 574 1264 634 factiosos,
1283 573 1547 637 opinione,
1566 570 1792 632 Quirites
1806 600 1825 628 ‚

387 674 409 697 u
446 654 667 717 asperius
686 665 775 702 est.
800 653 881 701 Ad
907 653 1032 714 boc,
1049 654 1136 701 alii
1152 651 1195 700 si
1213 652 1492 713 deliquere,
1516 661 1661 699 vetus
1679 648 1825 698 nobi-

388 751 410 773 ι
448 730 589 791 litas,
621 732 871 794 majorum
910 729 1037 779 faeta
1065 731 1243 792 fortia,
1270 741 1602 792 cognatorum
1629 739 1680 776 et
1701 724 1822 775 adfi-

388 831 410 852 u
450 811 593 858 nium
621 826 740 874 opes
759 843 776 871 ,
797 810 968 858 multae
992 808 1258 869 clientelae,
1278 809 1446 857 omnia
1468 809 1577 856 haec
1594 807 1827 873 praesidio

387 909 410 931 «ι
447 887 630 935 adsunt
649 904 664 946 ;
693 887 816 934 mihi
836 903 1150 950 spes-omnes
1175 887 1232 935 in
1249 897 1435 934 memet
1452 886 1585 946 sitae,
1603 901 1726 948 quas
1744 901 1826 933 ne-

389 989 412 1009 «
449 981 582 1014 cesse
609 976 683 1012 est
707 976 759 1012 et
781 966 970 1013 virtute
993 976 1044 1013 et
1068 963 1358 1015 innocentia
1388 964 1563 1012 tutari:
1593 978 1709 1010 nam
1734 963 1830 1010 alia

390 1042 649 1090 «infirma
667 1054 804 1090 sunt.
824 1046 885 1091 Et
900 1043 1028 1092 illud
1045 1043 1308 1108 intellego,
1327 1043 1551 1104 Quirites
1562 1074 1579 1101 ,
1599 1042 1828 1089 omnium

386 1144 409 1165 α
446 1138 534 1196 ora
557 1122 612 1169 in
637 1138 716 1169 me
735 1138 968 1171 conversa
997 1138 1129 1183 esse3
1154 1138 1325 1187 aequos
1343 1121 1608 1184 bonosque
1626 1119 1790 1166 favere
1805 1150 1822 1180 ,

385 1223 408 1245 ι
455 1201 644 1265 quippe
661 1200 917 1249 benefacta
935 1218 1044 1251 mea
1065 1199 1349 1267 reipublicae
1361 1199 1672 1265 procedunt3
1690 1198 1832 1246 nobi·

391 1301 412 1322 ι
450 1278 640 1327 litatem
660 1279 830 1327 locum
848 1280 1116 1329 invadendi
1131 1297 1368 1345 quaerere,
1384 1280 1507 1340 Quo
1527 1277 1652 1326 mihi
1670 1275 1831 1324 acrius

389 1379 411 1402 ι
449 1356 775 1406 adnitendum
806 1371 911 1421 est,
939 1371 997 1409 ut
1024 1374 1190 1425 neque
1224 1376 1318 1409 vos
1349 1358 1617 1423 capiamini
1635 1389 1652 1418 ,
1676 1366 1727 1404 et
1749 1353 1832 1402 'illi

385 1459 409 1482 ιι
449 1434 636 1485 frustra
661 1437 776 1487 sint.
804 1440 883 1487 Ita
915 1439 978 1487 ad
1002 1440 1102 1489 hoc
1134 1440 1290 1488 aetatis
1325 1437 1351 1486 ὁ
1379 1436 1597 1503 pueritia
1625 1435 1700 1483 fui
1719 1469 1736 1496 ,
1772 1445 1834 1482 ut

389 1538 411 1560 ι
451 1517 616 1565 omnis
654 1516 848 1568 labores
867 1552 884 1579 ,
913 1520 1136 1584 pericula
1172 1529 1411 1568 consueta
1445 1516 1670 1565 habeam.
1702 1514 1832 1576 Quae

391 1615 413 1639 ι
450 1606 563 1645 ante
598 1607 760 1646 vestra
794 1597 1033 1647 beneficia
1068 1599 1288 1663 gratuito
1323 1596 1561 1645 faciebam
1582 1630 1600 1658 ,
1632 1612 1688 1643 ea
1724 1593 1834 1653 uti,

392 1694 414 1716 ι
450 1674 652 1738 accepta
692 1676 944 1735 mercede,
983 1676 1200 1724 deseram
1224 1710 1242 1737 ,
1268 1691 1376 1738 nou
1416 1685 1495 1722 est
1540 1672 1832 1731 consilium,

394 1773 414 1794 ι
455 1752 695 1812 Quirites.
723 1752 826 1798 Illis
862 1750 1065 1801 difficile
1091 1763 1165 1800 est
1193 1755 1248 1801 iu
1276 1752 1612 1816 potestatibus
1645 1763 1832 1813 tempe-

395 1850 417 1872 «
455 1844 591 1889 rare,
607 1829 698 1893 qui
714 1845 806 1892 per
824 1829 1151 1878 ambitionem
1170 1847 1274 1879 sese
1291 1831 1483 1896 probos
1503 1829 1832 1878 simulavere:

395 1929 417 1951 ι
454 1907 580 1955 mihi
599 1940 617 1969 ,
635 1907 725 1971 qui
749 1922 947 1955 omnem
968 1920 1164 1957 aetatem
1191 1909 1247 1956 iu
1267 1911 1491 1974 optumis
1515 1907 1706 1955 artibus
1730 1907 1837 1970 egi,

398 2008 419 2029 α
454 1983 778 2034 benefacere
759 2001 863 2047 Jam
881 2002 942 2034 ex
961 1987 1364 2035 consuetudine
1349 2003 1405 2033 m
1421 1996 1654 2034 naturam
1666 1986 1834 2033 vertit.

396 2086 419 2109 ι
456 2063 654 2112 Bellum
684 2079 764 2110 me
791 2079 957 2128 gerere
982 2080 1102 2111 cum
1129 2064 1384 2126 Jugurtba
1414 2064 1658 2127 jussistis3
1680 2079 1836 2128 quam

397 2165 418 2187 a
455 2158 562 2191 rem
593 2141 832 2190 nobilitas
866 2144 1138 2207 aegerrume
1186 2143 1319 2191 tulit.
1350 2143 1536 2205 Quaeso
1551 2175 1569 2203 ,
1604 2152 1835 2207 reputate

396 2246 418 2268 ι
454 2236 573 2271 cum
593 2220 769 2269 animis
792 2222 971 2269 vestris
984 2254 1002 2283 ,
1022 2239 1151 2271 num
1168 2222 1223 2270 id
1248 2233 1444 2284 mntare
1464 2221 1641 2269 melius
1668 2222 1733 2270 sit
1750 2255 1767 2282 ,
1793 2222 1835 2268 si

395 2325 418 2347 α
456 2318 607 2368 quem
628 2317 691 2349 ex
722 2300 813 2348 illo
849 2301 998 2365 globo
1024 2300 1303 2350 nobilitatis
1330 2301 1397 2348 ad
1422 2301 1548 2362 hoc,
1579 2311 1669 2351 ant
1696 2301 1834 2349 aliud

395 2404 417 2427 «ι
456 2381 551 2431 tale
569 2380 832 2446 negotium
850 2380 1088 2442 mittatis,
1109 2381 1366 2430 bominem
1384 2382 1566 2428 veteris
1591 2381 1836 2446 prosapiae

396 2482 418 2504 ι
455 2477 511 2508 ac
539 2460 810 2508 multarum
830 2460 1104 2524 imaginum
1122 2493 1139 2520 ,
1165 2472 1216 2509 et
1239 2459 1429 2510 nullius
1446 2460 1683 2524 stipendii
1705 2478 1717 2508 ι
1743 2461 1835 2509 sci-

396 2559 418 2581 «
458 2538 576 2587 licet
610 2549 672 2584 ut
707 2538 763 2586 in
800 2538 935 2586 tantia
965 2555 1017 2586 re
1035 2571 1053 2599 ,
1077 2539 1281 2604 ignarus
1308 2540 1563 2600 omnium,
1586 2538 1801 2604 trepidet
1819 2571 1836 2597 ,

394 2641 417 2662 α
455 2617 691 2677 festinet,
727 2604 909 2664 sumat⁰
930 2617 1150 2681 aliquem
1198 2635 1261 2666 ex
1297 2619 1491 2683 populo
1529 2619 1830 2666 monitorem

395 2717 418 2740 ι
455 2694 625 2744 officii.
648 2698 722 2743 Ita
747 2695 1048 2761 plerumque
1076 2697 1244 2744 evenit
1264 2732 1280 2757 ,
1310 2707 1367 2744 ut
1390 2713 1540 2760 quem
1561 2713 1653 2745 vos
1680 2697 1835 2759 impe-

395 2796 418 2818 «
454 2790 561 2822 rare
593 2773 905 2837 jussistis,is
940 2775 1300 2838 imperatorem
1326 2775 1482 2824 alium
1515 2786 1719 2839 quaerat.
1757 2774 1833 2820 Ac

397 2874 420 2897 ι
455 2867 548 2917 ego
573 2853 704 2915 scio,
738 2852 962 2916 Quirites
980 2885 998 2916 ,
1022 2854 1114 2917 qui
1148 2865 1419 2919 postquam
1456 2853 1685 2903 consules
1716 2850 1844 2901 facti·
