2150 3650
880 226 1310 284 CATILINA.
1478 247 1484 253 ·
1788 227 1818 274 5

386 331 591 395 riginos,
619 346 776 396 genus
803 331 1073 381 hominnm
1098 341 1311 394 agreste,
1337 327 1443 374 sine
1467 323 1689 391 legibus,
1714 324 1822 372 sine

382 411 620 475 imperio,
659 410 874 461 liberum
906 422 1056 475 atque
1083 412 1328 458 solutum.
1361 407 1429 453 Hi
1470 416 1739 469 postquam
1765 405 1820 452 in

385 506 486 537 una
509 491 692 539 moenia
708 504 1014 550 convenere,
1037 488 1225 553 dispari
1248 503 1451 552 genere,
1476 485 1702 532 dissimili
1726 483 1821 532 lin-

384 568 480 632 gua
492 597 510 629 ,
532 570 657 617 alius
682 570 778 617 alio
806 582 948 617 more
969 570 1220 627 viventes,
1236 564 1525 614 incredibile
1542 573 1820 611 memoratu

385 658 460 695 est
485 648 635 711 quam
655 648 796 696 facile
827 648 1120 696 coaluerint.
1141 646 1240 695 Sed
1262 655 1530 708 postquam
1549 659 1628 690 res
1644 658 1820 690 eorum

386 725 606 788 civibus,
631 728 882 788 moribus,
907 728 1036 790 agris
1060 737 1231 785 aucta,
1264 720 1379 771 satis
1414 738 1652 788 prospera
1682 723 1820 768 satis-

389 822 489 868 que
528 807 724 870 polleus
758 806 1025 857 videbatur
1038 837 1056 865 ,
1091 804 1256 862 sicuti!
1269 802 1506 867 pleraque
1535 799 1821 850 mortalium

389 884 665 944 habentur,
682 883 869 931 invidia
897 900 960 930 ex
981 880 1239 946 opulentia
1265 891 1374 927 orta
1395 891 1483 926 est.
1507 881 1667 942 Igitur
1685 895 1823 942 reges

390 963 682 1025 populique*
710 962 934 1010 finitumi
966 960 1100 1007 bello
1131 969 1345 1016 tentare3
1380 958 1538 1020 pauci·
1560 974 1624 1004 ex
1656 958 1825 1004 amicis

394 1039 585 1085 auxilio
619 1054 756 1095 esse;
782 1053 898 1084 nam
923 1037 1073 1083 ceteri
1108 1048 1247 1083 metu
1276 1035 1495 1099 percussi
1530 1051 1558 1080 a
1592 1035 1826 1098 periculis

399 1115 618 1163 aberant.
657 1116 726 1163 At
744 1116 972 1163 *Romani
1000 1116 1138 1163 domi
1172 1114 1456 1177 militiaeque
1488 1114 1670 1161 intenti
1694 1113 1828 1162 festio

399 1209 547 1255 nare,
558 1211 752 1259 parare3
783 1195 910 1242 alius
937 1194 1090 1242 alium
1117 1195 1337 1253 hortat-13
1363 1193 1597 1242 hostibus
1628 1192 1827 1241 obviam

395 1273 493 1332 ire3
526 1273 805 1322 libertatem
819 1305 836 1334 ‚
858 1274 1094 1337 patriam,
1118 1284 1447 1337 parentesque
1471 1271 1620 1320 armis
1647 1282 1827 1337 tegere.

396 1353 515 1400 Post
529 1385 546 1412 ,
574 1352 662 1401 ubi
686 1353 906 1417 pericula
923 1353 1111 1401 virtute
1126 1354 1481 1417 propulerant,
1506 1352 1653 1401 sociis
1678 1363 1829 1416 atque

391 1431 560 1479 amicis
578 1433 759 1480 auxilia
784 1432 1081 1496 portabant:
1100 1432 1357 1497 magisque
1383 1431 1559 1479 dandis
1578 1431 1729 1495 quam
1749 1448 1827 1480 ac-

393 1510 645 1575 cipiundis
662 1510 916 1560 beneficiis
938 1512 1178 1560 amicitias
1195 1512 1453 1576 parabant.
1468 1511 1742 1577 Imperium
1758 1511 1829 1559 le—

393 1590 653 1654 gitimum,
681 1607 868 1655 nomen
883 1592 1082 1656 imperii
1111 1592 1303 1655 regium
1324 1591 1605 1639 habebant:
1633 1590 1830 1651 delecti,

396 1670 583 1733 quibus
610 1686 795 1734 corpus
825 1672 969 1718 annis
992 1668 1283 1730 infirmum,
1306 1670 1565 1734 ingenium
1590 1669 1831 1734 sapienti&

393 1749 645 1809 validum,
665 1749 948 1812 reipublicae
973 1748 1339 1797 consultabant.
1367 1749 1436 1793 Hi
1457 1748 1540 1795 vel
1555 1758 1725 1808 aetate,
1751 1748 1831 1795 vel

372 1843 529 1877 ocurae
552 1829 904 1889 similitudine,
938 1831 1108 1877 Patres
1133 1826 1527 1891 appellabantur.
1564 1827 1711 1888 Post,
1738 1828 1830 1880 ubi

397 1908 591 1971 regium
615 1908 912 1971 imperium,
928 1906 1241 1971 quod'initio
1267 1906 1622 1954 conservandae
1633 1906 1829 1956 liberta·

402 1986 466 2033 tis
493 1997 647 2048 atque
677 1986 916 2049 augendae
939 1985 1223 2049 reipublicae
1249 1984 1413 2032 fuerat
1427 2016 1444 2044 .,
1469 1985 1526 2030 in
1549 1987 1831 2050 superbiam

403 2062 901 2129 dominationemque
938 2079 991 2111 se
1025 2065 1274 2111 convertit
1295 2096 1313 2123 ,
1351 2064 1617 2112 immutato
1660 2079 1799 2113 more
1812 2099 1831 2127 .‚

402 2157 568 2191 annua
584 2143 818 2206 imperia,
841 2141 1088 2206 binosque
1105 2142 1427 2206 imperatores
1453 2142 1547 2191 sibi
1570 2142 1739 2192 fecere.
1758 2146 1830 2194 Eo

400 2221 555 2274 modo
589 2222 814 2270 minume
839 2239 984 2287 posse
1007 2223 1266 2287 [putabant
1300 2239 1394 2287 per
1418 2224 1667 2272 licentiam
1694 2225 1830 2275 inso-

400 2300 583 2348 lescere
605 2302 828 2348 animum
850 2302 1149 2351 humanum.

469 2382 583 2428 vn.
610 2383 711 2428 San
741 2380 794 2428 ea
824 2392 1114 2445 tempestate
1133 2398 1323 2447 coepere
1355 2400 1407 2431 se
1427 2384 1643 2447 quisque
1668 2386 1829 2436 extol-

400 2459 526 2519 lere,
567 2461 821 2524 magisque
860 2462 1122 2525 ingenium
1154 2463 1210 2510 in
1235 2472 1442 2528 promtu
1477 2463 1673 2511 habere.
1702 2464 1831 2516 Nam
1914 2485 1922 2492 ·

404 2538 600 2602 regibus
625 2539 748 2587 boni
776 2539 926 2602 quAm
952 2542 1069 2588 mali
1088 2543 1418 2606 suspectiores
1439 2554 1559 2591 sunt
1572 2575 1589 2603 ‚
1616 2557 1831 2607 semper·

401 2633 501 2681 que
536 2617 616 2665 his
638 2618 796 2668 aliena
834 2619 992 2667 virtus
1018 2619 1345 2671 formidolosa
1375 2627 1466 2669 est.
1493 2622 1591 2672 Sed
1626 2623 1799 2670 civitas
1813 2655 1830 2682 ‚

398 2696 685 2755 incredibile
704 2711 983 2747 memoratu
1004 2710 1103 2760 est,
1119 2700 1297 2764 adepta
1314 2689 1572 2762 libertate,
1584 2700 1831 2763 quantum
1927 2699 1932 2704 ’

389 2773 534 2840 ¹brevi
562 2778 806 2830 creverit:
838 2788 976 2827 tanta
997 2780 1188 2843 cupido
1219 2781 1390 2844 gloriae
1414 2782 1697 2829 incesserat.
1718 2781 1831 2838 Jam

1512 2875 1532 2904 1
1545 2890 1557 2904 ο
