2150 3650
367 331 463 378 10⁶
646 331 699 379 c,
739 332 1017 381 CRISPI
1069 295 1510 378 SALLthTn
1593 339 1602 348 ·

361 427 498 476 facile
523 426 756 478 Numidae
778 429 1043 494 persuadet
1061 459 1079 490 ‚
1101 427 1221 476 cum
1244 427 1449 491 ingenio
1473 422 1658 484 infido,
1680 432 1798 474 tum

362 509 633 568 metuenti,
651 525 715 556 ue
729 539 748 568 ‚
775 510 817 555 si
842 525 943 573 pax
967 524 1086 557 cum
1106 501 1351 556 Romanis
1376 503 1583 565 fieret,
1568 519 1676 569 ipse
1699 518 1797 567 per

360 585 671 635 conditiones
690 587 753 634 ad
770 588 1076 652 supplicium
1103 587 1396 636 traderetur.
1821 620 1828 624 -

427 664 581 711 LXII.
616 668 703 727 Is,
715 665 805 714 ubi
832 665 1054 732 primum
1081 676 1429 732 opportunum
1447 696 1466 724 ‚
1492 660 1824 725 Jugurtham„

359 743 565 791 anxium
583 761 639 793 ac
658 746 972 795 miserantem
993 746 1221 795 fortunas
1246 761 1359 793 suas
1382 743 1602 803 accedit,
1624 737 1816 791 monet‘

359 831 510 885 atque
535 823 814 872 lacrumans
833 825 1113 874 obtestatur
1130 857 1148 885 ‚
1176 847 1197 868 α
1220 826 1299 872 uti
1324 823 1593 888 aliquando
1616 820 1800 869 sibi-112

361 921 382 942 ι
417 900 651 966 berisque
685 915 735 952 et
767 906 903 968 genti
935 905 1272 955 Numidarum
1291 935 1309 963 ‚
1329 901 1539 966 optume
1558 900 1802 967 merenti,

359 999 382 1021 ι
419 981 682 1043 provideat
709 1000 720 1031 ε
759 983 995 1031 omnibus
1032 981 1222 1046 proeliis
1256 998 1359 1030 sese
1387 982 1545 1030 victos
1566 1014 1584 1041 ‚
1620 994 1802 1043 agrum

363 1079 385 1101 ι
421 1071 672 1108 vastatum
687 1092 706 1121 ‚
723 1061 915 1110 multos
933 1062 1154 1111 mortalis
1175 1071 1347 1125 captos
1365 1071 1452 1108 aut
1479 1059 1669 1107 occisos
1682 1088 1700 1119 ‚
1722 1073 1800 1109 te-

362 1157 406 1179 α·
423 1139 509 1204 gni
539 1155 659 1203 opes
679 1141 1011 1189 comminutas
1039 1156 1171 1188 esse:
1199 1140 1316 1188 satis
1349 1139 1477 1203 saepe
1501 1138 1602 1201 jam
1626 1147 1676 1185 et
1700 1136 1818 1184 vir-u

361 1236 383 1258 α
421 1227 582 1264 tutem
622 1218 838 1265 militum
858 1230 958 1280 set
980 1218 1239 1266 fortunam
1273 1228 1511 1265 tentatam
1536 1234 1548 1264 z
1569 1225 1764 1265 caveret
1783 1246 1803 1276 ‚

362 1317 383 1337 «
422 1311 516 1355 ne,
544 1296 919 1346 illo‘cunctante
935 1329 954 1357 ‚
979 1295 1211 1346 Numidae
1232 1296 1326 1344 sibi
1350 1296 1617 1344 consulant
1634 1316 1673 1343 n.
1710 1294 1801 1342 llis

361 1384 511 1435 atque
529 1374 710 1422 talibus
739 1375 843 1422 aliis
868 1375 943 1421 ad*
966 1374 1271 1423 deditionem
1292 1376 1418 1439 regis
1443 1376 1671 1422 animum
1706 1375 1800 1420 im—

358 1451 518 1514 pellit.
556 1452 838 1499 Mittuntur
863 1453 926 1499 ad
956 1452 1313 1517 imperatorem
1347 1453 1521 1516 legati:
1544 1475 1567 1495 «
1607 1455 1641 1499 J
1648 1468 1794 1516 ugur-

359 1549 381 1571 α
419 1528 556 1575 tham
573 1529 814 1592 imperata
833 1530 1113 1590 facturum,
1130 1546 1187 1578 ac
1203 1532 1310 1577 sine
1328 1530 1426 1578 ulla
1443 1532 1679 1594 pactione
1697 1547 1803 1580 sese

360 1627 381 1649 α
417 1621 726 1671 regnumque
748 1625 899 1656 suum
928 1610 984 1655 in
1007 1607 1143 1657 illius
1170 1607 1322 1656 fidem
1351 1608 1544 1657 tradere
1558 1631 1598 1659 a.
1628 1608 1802 1657 Metel·

358 1684 437 1733 lus
455 1687 668 1752 propere
685 1697 897 1735 cunctos
922 1688 1161 1735 senatorii
1179 1687 1371 1736 ordinis
1398 1703 1463 1735 ex
1477 1687 1704 1736 hibernis
1722 1704 1797 1736 ar·

360 1764 526 1812 cessiri
562 1765 708 1830 jubet
730 1783 742 1813 :
777 1782 954 1814 eorum
979 1777 1133 1831 atque
1166 1766 1406 1826 aliorum,
1432 1783 1560 1832 quos
1589 1767 1801 1824 idoneos

362 1841 573 1892 ducebat
590 1878 608 1906 ‚
643 1847 912 1894 consilium
947 1846 1117 1894 habet.
1149 1849 1224 1894 Ita
1254 1863 1395 1894 more
1425 1847 1702 1910 majorum,
1739 1864 1802 1898 ex

360 1922 554 1973 consilii
576 1925 776 1990 decreto
789 1959 807 1986 ‚
832 1942 922 1991 per
945 1924 1134 1990 legatos
1166 1929 1196 1972 J
1202 1925 1433 1989 ugurthae
1457 1925 1699 1991 imperat,
1721 1943 1799 1974 ar·

361 2004 496 2070 genti
515 2005 690 2068 pondo
711 2005 923 2053 ducenta
936 2004 1115 2066 millia,
1133 2004 1427 2069 elephantos
1447 2006 1627 2066 omnis,
1644 2021 1800 2070 equo·

364 2100 478 2132 rum
511 2094 562 2131 et
598 2100 853 2133 armorum
878 2083 1207 2149 aliquantum.
1246 2085 1371 2146 Quae
1397 2095 1665 2149 postquam
1692 2085 1812 2132 sine-

357 2160 503 2210 *mora
527 2162 652 2210 facta
681 2175 801 2212 sunt
818 2196 836 2224 ‚
866 2163 1010 2226 jubet
1045 2164 1209 2213 omnis
1234 2161 1468 2228 perfugas
1493 2164 1687 2212 vinctos
1712 2162 1798 2210 ad-

364 2241 498 2289 duci.
523 2242 712 2289 Eorum
738 2258 914 2306 magna
932 2259 1072 2307 pars,
1101 2254 1158 2290 ut
1186 2242 1383 2306 jussum
1414 2253 1542 2302 erat,
1566 2240 1796 2289 adducti:

336 2326 349 2331 ”
360 2319 506 2382 pauci
524 2351 541 2378 ‚
561 2335 722 2382 quum
740 2319 965 2382 primum
992 2320 1184 2367 deditio
1202 2321 1353 2384 coepit
1366 2352 1384 2381 ‚
1408 2321 1471 2369 ad
1488 2336 1654 2384 regem
1671 2322 1798 2369 Boc-

361 2395 517 2442 chum
550 2396 606 2441 iu
642 2397 1017 2442 Mauretaniam
1047 2397 1285 2447 abierant.
1322 2400 1482 2462 Igitur
1511 2402 1543 2446 J
1546 2398 1762 2462 ugurtha
1783 2430 1801 2459 ‚

364 2472 454 2520 uhi
475 2473 623 2519 armis
651 2473 869 2538 virisque
895 2485 946 2521 et
977 2474 1190 2538 pecunia
1215 2469 1485 2540 spoliatus,
1505 2493 1665 2541 quum
1692 2476 1800 2541 ipse

360 2550 424 2599 ad
454 2550 805 2614 imperandum
833 2551 1081 2601 Tisidium
1114 2566 1380 2605 vocaretur
1398 2588 1415 2615 ‚
1444 2572 1617 2605 rursus
1649 2557 1800 2621 coepit

361 2629 556 2678 flectere
577 2629 803 2677 animum
836 2646 988 2678 suum
1008 2663 1027 2691 ,
1057 2643 1109 2680 et
1142 2648 1205 2679 ex
1233 2633 1362 2681 mala
1384 2634 1685 2683 conscientia
1723 2635 1797 2682 di-

363 2725 458 2776 gna
479 2709 669 2757 timere.
685 2710 918 2775 Denique
935 2712 1112 2759 multis
1129 2711 1306 2761 diebus
1331 2729 1420 2776 per
1433 2712 1799 2762 dubitationem

361 2789 638 2845 consumtis
654 2821 672 2849 ‚
709 2781 868 2853 quum
896 2791 1049 2838 modo
1087 2790 1234 2841 taedio
1269 2807 1437 2839 rerum
1472 2791 1799 2842 advorsarum

362 2870 532 2920 omnia
558 2868 691 2918 bello
721 2870 920 2938 potiora
947 2871 1174 2929 duceret3
1208 2869 1461 2919 interdum
1487 2886 1657 2921 secum
1691 2870 1820 2935 ipse&
