2150 3650
369 300 469 357 134
651 299 707 348 C.
748 297 1026 347 CRISPI
1076 296 1521 346 sALLUs'ru

359 412 493 445 anna
511 405 844 458 ornatumque
860 404 1207 454 mutaverant,
1233 395 1397 458 eapite
1414 406 1565 461 atque
1585 395 1805 460 pedibus

354 474 539 535 nudis,
565 474 644 521 uti
660 483 962 537 prospectus
979 474 1224 537 nisusque
1243 490 1335 537 per
1353 491 1470 522 san
1496 474 1688 523 facilius
1714 475 1795 524 fo·

357 565 466 612 ret3
496 561 647 617 super
679 563 815 617 terga
839 552 991 616 gladii
1014 563 1063 599 et
1082 565 1245 612 scuta3
1264 570 1441 602 verum
1461 570 1518 601 ca
1543 554 1800 603 numidica

356 648 421 679 ex
435 629 609 692 coriis,
626 631 864 697 ponderis
883 630 1037 695 gratia
1055 632 1207 680 simul
1218 643 1296 693 ,et
1314 631 1506 681 offensa
1517 635 1623 697 quo
1638 633 1802 682 levius

353 722 649 775 streperent.
683 710 845 775 Igitur
864 711 1194 775 praegrediens
1213 713 1363 777 Ligus
1389 729 1529 774 saxa,
1550 724 1601 760 et
1624 713 1666 759 si
1683 730 1801 777 qnae

272 809 273 818 ¹
353 801 599 839 vetustate
618 789 807 838 radices
826 789 1141 850 eminebant,
1165 790 1355 855 laqueis
1382 785 1657 852 vinciebat,
1682 791 1795 856 qui·

350 870 448 918 bus
473 869 686 918 adlevati
714 868 904 917 facilius
926 870 1264 918 ascenderent.
1294 870 1556 918 Interdum
1586 871 1794 919 timidos

357 949 621 998 insolentia
647 949 838 997 itineris
863 950 1026 997 levare
1053 966 1207 998 manu
1227 966 1239 996 :
1260 949 1350 996 ubi
1371 951 1545 1013 paullo
1573 952 1800 1015 asperior

353 1029 646 1089 adscensus,
664 1028 887 1092 singulos
912 1044 1014 1092 prae
1036 1044 1089 1075 se
1116 1029 1337 1075 inermos
1364 1029 1592 1088 mittere3
1614 1028 1794 1077 deinde

276 1129 281 1134 ·
353 1109 461 1173 ipse
478 1124 596 1156 cum
614 1107 820 1155 illorum
844 1108 992 1154 armis
1012 1109 1181 1171 sequi:
1201 1123 1314 1170 quae
1338 1107 1490 1155 dubia
1524 1109 1640 1158 nisu
1654 1108 1796 1156 vide-

354 1186 542 1234 bantur
568 1187 878 1252 potissumus
896 1196 1088 1233 tentare
1099 1220 1116 1247 ,
1132 1202 1189 1233 ac
1205 1184 1386 1250 saepius
1406 1185 1572 1248 eafidem
1592 1186 1798 1234 adscen-

351 1265 476 1313 dens
499 1265 926 1331 descendensque,
944 1265 1062 1313 dein
1088 1266 1255 1313 statim
1283 1265 1588 1330 digrediens,
1614 1267 1798 1315 ceteris

349 1344 603 1391 audaciam
636 1344 830 1391 addere.
869 1343 1034 1407 Igitur
1077 1343 1167 1391 din
1206 1343 1527 1407 multumque
1563 1343 1754 1409 fatigati
1771 1377 1802 1407 ‚·

346 1422 546 1470 tandem
582 1422 637 1468 in
668 1422 928 1470 castellum
973 1423 1304 1484 perveniunt,
1339 1423 1593 1472 desertum
1630 1423 1693 1470 ab
1732 1424 1801 1471 ea,

344 1511 484 1564 parte
506 1516 522 1557 3
545 1498 684 1564 quod
715 1514 889 1546 omnes
903 1530 921 1557 ,
948 1499 1099 1546 sicuti
1129 1499 1236 1547 aliis
1265 1500 1441 1549 diebus
1463 1534 1481 1562 ,
1513 1502 1785 1551 advorsum

343 1578 503 1627 hostis
528 1576 750 1625 aderant.
776 1576 966 1624 Marius
980 1610 997 1636 ,
1022 1577 1114 1624 ubi
1137 1595 1205 1625 ex
1231 1580 1457 1639 nunciis,
1486 1596 1600 1645 quae
1631 1582 1789 1646 Ligus

348 1667 514 1720 egerat
533 1691 550 1718 ,
564 1654 805 1720 cognovit
822 1687 839 1715 ,
858 1671 1164 1720 quamquam
1186 1667 1297 1705 toto
1318 1658 1397 1705 die
1414 1658 1639 1707 intentos
1654 1676 1786 1724 proe-

344 1736 416 1786 lio
446 1735 692 1786 Numidas
717 1735 990 1797 habuerat,
1014 1748 1125 1784 tum
1145 1738 1267 1785 vero
1286 1736 1581 1786 cohortatus
1607 1738 1790 1786 milites

345 1829 396 1867 et
423 1817 530 1882 ipse
552 1826 692 1863 extra
722 1815 892 1863 vineas
923 1832 1176 1879 egressus,
1201 1815 1452 1864 testudine
1483 1816 1593 1865 acta
1621 1834 1790 1866 succe-

344 1896 460 1943 dere
476 1927 495 1956 ,
528 1905 581 1942 et
610 1893 760 1941 simul
785 1893 988 1940 hostem
1032 1895 1295 1943 tormentis
1334 1896 1697 1959 sagittariisque
1736 1907 1791 1949 et

346 1974 694 2023 funditoribus
710 1973 908 2020 eminus
927 1962 1127 2037 terrere.
1151 1974 1222 2021 At
1239 1975 1473 2023 Numidae
1493 1976 1622 2039 saepe
1638 1986 1789 2023 antea

343 2055 503 2103 vineis
543 2057 893 2105 Romanorum
928 2051 1215 2112 subvorsis,
1246 2053 1369 2100 item
1395 2053 1610 2102 incensis
1623 2086 1641 2114 ,
1675 2070 1794 2102 non=

340 2133 528 2181 castelli
550 2130 800 2179 moenibus
818 2147 922 2179 sese
941 2131 1261 2190 tutabantur3
1288 2131 1375 2180 sed
1392 2149 1488 2197 pro
1510 2149 1656 2181 muro
1678 2133 1785 2181 dies

340 2224 616 2274 noctesque
650 2211 868 2273 agitare3
906 2210 1195 2258 maledicere
1222 2212 1492 2272 Romanis,
1525 2228 1583 2259 ac
1613 2210 1780 2260 Mario

338 2291 622 2338 vecordiam
667 2288 949 2350 objectare,
935 2307 948 2318 ·
985 2289 1233 2339 militibus
1275 2291 1463 2338 nostris
1482 2293 1543 2357 J
1545 2291 1780 2354 ugurthae

338 2367 599 2415 servitium
617 2366 818 2423 minari3
836 2367 1068 2413 secundis
1097 2367 1247 2417 rebus
1270 2368 1459 2419 feroces
1480 2385 1597 2419 esse.
1636 2369 1780 2416 Inte-

336 2447 431 2492 rim
459 2442 694 2492 omnibus
721 2443 961 2491 Romanis
979 2440 1313 2511 hostibusque
1339 2449 1521 2512 proelio
1537 2448 1751 2497 intentis
1764 2480 1790 2509 ‚

338 2539 512 2589 magna
532 2520 787 2583 utrimque
804 2522 857 2568 vi
868 2538 971 2584 pto
989 2522 1145 2587 gloria
1162 2535 1313 2588 atque
1329 2527 1541 2591 imperio
1551 2526 1665 2586 his,
1680 2526 1794 2575 illis-

333 2621 428 2671 pro
449 2601 604 2650 salute
623 2599 928 2647 certantibus
939 2604 1178 2666 ,repente
1191 2620 1222 2652 3
1239 2615 1380 2669 tergo
1407 2607 1547 2670 313113
1561 2619 1773 2664 canere3
1784 2668 1794 2677 ο

331 2701 388 2733 ac
407 2681 573 2749 primo
598 2678 830 2728 mulieres
849 2689 898 2727 et
915 2682 1060 2745 pueri
1073 2714 1092 2742 ,
1112 2684 1200 2746 qui
1218 2685 1383 2732 visum
1397 2694 1773 2748 processerant,

331 2765 529 2830 fuget-03
553 2758 762 2820 deinde,
789 2760 868 2808 uti
892 2761 1107 2826 quisque
1136 2779 1284 2811 muro
1319 2779 1603 2828 proxumus
1629 2774 1738 2812 erat
1755 2797 1776 2825 ‚

325 2842 589 2910 postremo
614 2840 787 2890 cuncti
810 2841 992 2890 armati
1015 2842 1345 2908 inermesque.
1375 2843 1535 2904 Quod
1567 2843 1660 2892 uhi
1693 2859 1775 2891 ac-
