2150 3650
392 331 460 387 46
688 334 741 382 C.
781 331 1053 383 CRISPI
1105 335 1543 411 §ALLUSTII

280 441 287 447 ·
388 425 539 486 tahat,
553 426 763 476 Catilina
780 444 872 493 per
890 430 1076 477 montis
1089 429 1184 478 iter
1201 427 1638 488 facere,·ad‘urbem
1655 424 1838 485 modo,

390 504 577 553 modo
562 522 617 554 ιιι
638 507 845 555 Galliam
864 524 1037 556 versus
1054 519 1212 556 castra
1242 523 1477 565 movere?
1492 503 1725 554 hostibus
1746 519 1837 550 oc-

389 584 635 631 casionem
668 586 928 650 pugnandi
951 603 1060 635 non
1093 587 1225 635 dare.
1255 586 1494 650 Sperabat
1511 583 1671 649 prope
1696 582 1833 629 diem

385 677 598 725 magnas
601 666 769 728 coplas
786 682 889 713 sese
906 649 1226 726 habiturum,
1243 667 1285 713 si
1303 667 1477 713 Romae
1496 664 1616 711 socii
1632 663 1834 724 incepta

384 743 725 804 pati-avissent.
753 746 946 792 Interea
964 745 1164 792 servitia
1181 742 1503 807 repudiabat,
1519 742 1665 804 cujus
1680 740 1830 787 initio

384 819 448 866 ad
470 836 588 869 eum
619 838 807 887 magnae
830 823 988 887 copiae
1011 821 1402 881 concurrebant,
1428 819 1614 885 opibus
1648 816 1828 879 conju-

382 899 592 948 rationis
619 886 803 962 fretus3
828 902 979 950 simul
995 902 1214 949 alienum
1229 902 1331 948 suis
1350 899 1630 947 rationibus
1647 898 1829 945 existu-

386 993 527 1026 mans
540 981 700 1029 videri
717 996 938 1030 caussam
951 981 1140 1031 civium
1159 995 1276 1028 cum
1290 979 1441 1027 servis
1462 977 1684 1042 fugitivis
1698 990 1829 1023 com-

387 1059 734 1124 municayisse.

440 1139 606 1188 LVII.
631 1141 663 1188 S
676 1156 748 1186 ιι)
776 1150 1044 1203 postquam
1081 1139 1135 1186 in
1169 1148 1326 1186 castra
1360 1136 1578 1185 nuncius
1602 1134 1833 1199 pervenit

387 1216 563 1264 Romae
587 1217 987 1279 conjurationem
1023 1216 1344 1279 patefactam,
1377 1215 1438 1262 de
1470 1214 1711 1274 Lentulo,
1741 1213 1832 1260 Ce-

387 1294 566 1359 thego,
607 1296 781 1343 ceteris
819 1310 947 1365 quos
985 1293 1137 1358 supra
1182 1294 1483 1363 memoravi,
1524 1292 1834 1381 supplicium

387 1385 640 1433 sumtum,
663 1373 891 1436 plerique
917 1389 1046 1435 quos
1082 1373 1146 1420 ad
1171 1373 1363 1419 bellum
1398 1387 1511 1433 spes
1541 1371 1834 1433 rapinarum

385 1460 475 1496 aut
500 1466 749 1498 novarum
777 1465 946 1497 rerum
977 1449 1204 1497 studium
1230 1449 1479 1507 illexerat,
1505 1448 1837 1497 dilabuntur:

382 1527 604 1591 reliquos
626 1528 833 1577 Catilina
867 1543 958 1591 per
988 1529 1176 1576 montis
1212 1542 1412 1590 asperos
1430 1526 1619 1588 magnis
1640 1526 1835 1575 itineri-

281 1637 293 1649 .
383 1605 521 1653 bus'
507 1622 562 1652 in
586 1621 762 1668 agrum
784 1607 1138 1654 Pistoriensem
1160 1606 1396 1663 abducit3
1423 1620 1484 1651 eo
1515 1605 1727 1655 consilio
1753 1607 1838 1655 uti·

383 1680 474 1747 pe'r
501 1685 720 1733 tramites
752 1686 947 1734 occulte
978 1685 1301 1751 perfugerent
1334 1686 1390 1732 in
1412 1683 1645 1743 Galliam,
1675 1695 1727 1732 at
1760 1686 1832 1747 Q.

383 1763 620 1812 Metellus
647 1766 790 1814 Celer
809 1781 927 1813 cum
948 1765 1110 1814 tribus
1128 1765 1454 1833 legionibus*
1429 1780 1486 1811 ιιι
1509 1779 1628 1829 agro
1645 1765 1832 1813 Piceno

383 1845 703 1908 praesidebat,
729 1864 794 1894 ex
819 1834 1114 1894 difficultate
1144 1862 1310 1894 rerum
1343 1845 1513 1893 eadem
1544 1844 1626 1891 illa
1647 1845 1833 1893 existu-

387 1939 526 1972 mans
537 1958 554 1985 ,
580 1941 692 1988 qnae
721 1943 871 1996 supra
891 1926 1112 1974 diximus
1123 1958 1141 1987 ,
1159 1925 1422 1976 Catilinam
1440 1926 1635 1989 agitare.
1654 1924 1831 1989 Igitur,

389 2001 480 2050 ubi
513 2005 609 2053 iter
637 2005 746 2069 ejus
781 2024 845 2054 ex
877 2006 1105 2071 perfugis
1138 2005 1375 2069 cognovit
1389 2037 1405 2063 .,
1436 2014 1591 2051 castra
1617 2004 1830 2067 propere

389 2094 562 2133 movet
571 2102 660 2146 ,ac
679 2086 774 2135 sub
793 2087 915 2151 ipsis
933 2084 1183 2135 radicibus
1204 2084 1459 2132 montium
1481 2081 1706 2130 consedit
1730 2082 1832 2145 qua

386 2162 461 2209 illi
487 2164 752 2213 descensus
779 2176 882 2213 erat
909 2167 965 2214 in
989 2166 1194 2213 Galliam
1222 2162 1528 2227 properanti.
1552 2161 1729 2224 Neque
1756 2172 1829 2208 ta-

392 2256 508 2288 men
525 2243 781 2291 Antonius
795 2244 975 2306 procul
987 2243 1179 2300 aberat,
1199 2251 1376 2304 utpote
1395 2242 1483 2304 qui
1499 2256 1678 2304 magno
1693 2255 1830 2288 exer·

390 2319 522 2378 citu,
539 2320 662 2367 locis
681 2320 989 2382 aequioribus
1007 2320 1300 2382 expeditus,
1316 2320 1372 2367 in
1390 2318 1506 2384 fuga
1523 2329 1831 2382 sequeretur.

392 2396 491 2443 Sed
517 2397 752 2458 Catilina,
776 2408 1044 2462 postquam
1071 2397 1211 2444 videt
1229 2399 1487 2446 montibus
1507 2409 1656 2460 atque
1674 2399 1832 2462 copiis

392 2473 617 2522 hostium
641 2491 745 2524 sese
763 2477 1015 2538 clausum,
1029 2477 1088 2525 in
1113 2476 1238 2524 urbe
1265 2493 1342 2525 res
1374 2477 1634 2537 adversas,
1668 2494 1833 2542 neque

392 2550 520 2617 fugae
545 2569 708 2618 neque
727 2555 944 2618 praesidii
976 2556 1130 2603 ullam
1162 2573 1330 2620 spem,
1350 2566 1624 2621 optumum
1645 2556 1831 2605 factum

301 2683 308 2689 ,
390 2641 528 2679 ratus
559 2632 613 2679 in
642 2633 730 2680 tali
753 2649 807 2680 re
836 2632 1092 2682 fortunam
1113 2634 1229 2682 belli
1258 2646 1475 2695 tentare,
1507 2636 1682 2683 statuit
1712 2653 1830 2685 cum

391 2710 617 2760 Antonio
644 2712 795 2776 qnam
812 2710 1033 2777 primum
1062 2712 1342 2777 confligere.
1367 2717 1541 2778 Itaque
1551 2715 1830 2774 ,.concione

392 2789 628 2838 advocata
638 2820 667 2851 ,ν
680 2791 1034 2854 huiuscemodi
1050 2794 1329 2842 orationem
1346 2792 1530 2841 habuit.
1550 2810 1561 2839 :

463 2872 641 2920 LVIII.
679 2892 700 2915 α
728 2872 1053 2921 Conrmuuu
1089 2887 1181 2938 ego
1219 2871 1409 2933 habeo,
1437 2872 1646 2934 milites,
1682 2873 1833 2921 verba
