2150 3650
427 305 520 352 138
717 302 770 352 C.
812 297 1086 371 anlsPI
1138 303 1573 353 SALLUsTn

416 399 529 464 Ipse
545 398 800 463 paullatim
820 397 1067 463 dispersos
1086 398 1293 461 milites,
1320 416 1483 465 neque
1506 397 1674 448 minus
1692 400 1853 449 bosti-

419 479 514 527 bus
539 478 850 526 conturbatis
865 511 881 538 ,
914 479 971 525 in
987 494 1149 526 unum
1178 480 1466 539 contrahit3
1500 479 1616 527 dein
1639 492 1850 528 cunctos

412 557 565 621 pleno
585 555 741 621 gradu
758 556 811 603 in
829 556 1006 603 collem
1024 556 1280 605 subducit.
1308 560 1384 605 Ita
1408 574 1570 623 reges,
1600 559 1697 606 loci
1716 558 1850 605 diffi-

414 636 598 684 cultate
615 636 791 696 coacti,
807 636 985 699 proelio
1005 631 1336 684 deterrentur.
1354 637 1534 702 Neque
1549 647 1716 684 tamen
1731 654 1848 684 suos

414 713 616 766 lonzvius
637 714 770 762 abire
788 716 993 775 sinunt,
1007 715 1122 775 sed,
1142 726 1361 778 utroque
1378 716 1504 763 colle
1522 717 1849 763 multitudine

417 794 752 855 circumdato,
785 793 935 841 effusi
966 795 1249 842 consedere.
1278 795 1409 841 Dein
1428 794 1613 841 crebris
1650 796 1851 859 ignibus

414 874 581 935 factis,
599 874 898 938 plerumque
911 874 1073 921 noctis
1091 872 1284 920 barbari
1302 889 1396 921 suo
1414 889 1553 920 more
1572 874 1755 936 laetari,
1767 890 1849 921 ex-

415 954 628 1013 sultare,
653 964 870 1015 strepere
894 953 1132 1000 vocibus:
1169 952 1267 1016 ipsi
1305 952 1456 999 duces
1487 952 1704 1013 feroces,
1734 954 1848 1017 quia

415 1050 524 1082 nou
549 1031 802 1097 fugerent,
839 1048 934 1095 pro
962 1031 1238 1080 victoribus
1265 1048 1420 1095 agere.
1456 1031 1553 1079 Sed
1572 1047 1628 1079 ea
1648 1043 1844 1079 cuncta

417 1113 657 1160 Romanis
675 1129 738 1159 ex
770 1111 986 1159 tenebris
1012 1122 1063 1158 et
1091 1100 1385 1158 editioribus
1416 1109 1538 1158 locis
1559 1111 1717 1158 facilia
1735 1113 1844 1160 visu

414 1208 698 1255 magnoque
712 1192 1031 1255 hortamento
1057 1202 1215 1238 erant.

487 1271 667 1320 xclx.
704 1272 988 1317 Punumnt
1007 1269 1128 1317 vero
1147 1269 1335 1317 Marius
1354 1267 1599 1333 imperitia
1613 1268 1844 1316 hostium

378 1357 383 1361 ”
417 1349 767 1409 confirmatus,
793 1348 943 1412 quam
967 1365 1261 1396 maxumum
1288 1349 1543 1395 silentium
1568 1348 1744 1395 haberi
1769 1348 1845 1411 ju·

415 1428 502 1475 bet
522 1445 536 1488 3
566 1444 630 1475 ne
648 1429 786 1490 signa
813 1428 1015 1491 quidem
1028 1460 1044 1487 ,
1066 1428 1147 1474 uti
1174 1445 1264 1492 per
1280 1428 1468 1491 vigilias
1488 1426 1738 1482 solebant,
1770 1442 1843 1474 ca·

417 1522 534 1554 nere
556 1522 570 1563 ;
600 1505 778 1552 deinde
796 1538 814 1564 ,
834 1506 923 1552 uhi
937 1505 1031 1553 lux
1048 1505 1373 1567 adventabat,
1394 1506 1596 1554 defessis
1614 1507 1715 1569 jam
1732 1507 1856 1554 hos--

414 1585 551 1632 tibus
570 1595 620 1630 et
640 1583 809 1648 paullo
827 1584 940 1631 ante
961 1600 1140 1632 somno
1159 1586 1315 1649 captis
1332 1617 1349 1645 ,
1383 1586 1443 1633 de
1473 1585 1746 1650 improviso
1771 1586 1843 1632 vi-

417 1664 568 1730 giles,
592 1664 712 1710 item
743 1662 1060 1724 cohortium,
1096 1676 1404 1725 turmarum,
1435 1665 1692 1729 legionum
1718 1665 1842 1712 tubi-

416 1745 550 1791 ciues
585 1743 732 1791 simul
771 1744 937 1800 omnis
972 1744 1110 1807 signa
1137 1759 1336 1803 canere,
1365 1743 1546 1791 milites
1582 1745 1851 1791 clamorem·

418 1824 590 1873 tollere
610 1835 760 1886 atque
780 1826 939 1887 portis
967 1840 1247 1887 erumpere.
1280 1822 1445 1871 Mauri
1481 1833 1632 1887 atque
1668 1820 1849 1871 Gaetuli*

417 1907 592 1969 ignoto
621 1913 671 1950 et
694 1902 923 1949 horribili
949 1905 1120 1951 sonitu
1152 1902 1358 1966 repente
1382 1903 1560 1964 exciti,
1577 1918 1740 1965 neque
1766 1901 1846 1949 fu·

416 2000 529 2049 gere
548 2016 564 2043 ,
581 1999 745 2046 neque
762 1997 897 2029 arma
914 1998 1113 2046 capere,
1139 1997 1304 2046 neque
1333 1982 1541 2030 omnino
1573 1980 1731 2028 facere
1758 1990 1847 2028 aut

416 2062 679 2127 providere
697 2062 971 2125 quidquam
990 2071 1239 2125 poterant.
1267 2063 1341 2108 Ita
1369 2071 1579 2109 cunctos
1600 2061 1816 2124 strepitu
1834 2092 1851 2119 ,

417 2144 630 2190 clamore
647 2175 664 2201 ,
708 2141 849 2189 nullo
893 2141 1247 2201 subveniente,
1288 2140 1473 2187 nostris
1515 2138 1847 2197 instantibus,

417 2222 668 2281 tumultu,
692 2232 903 2281 terrore,
922 2220 1168 2281 formido,
1187 2220 1327 2282 quasi
1344 2219 1571 2274 vecordia
1593 2250 1610 2276 ,
1634 2228 1844 2281 ceperat.

375 2325 383 2336 ·
418 2303 648 2363 Denique
677 2315 849 2346 omnes
878 2298 978 2346 fusi
1011 2299 1284 2364 fugatique.
1305 2301 1457 2346 Arma
1479 2309 1529 2344 et
1556 2298 1694 2360 signa
1720 2298 1848 2343 mili-

417 2380 535 2432 taria
574 2379 810 2440 pleraque
847 2390 985 2440 capta
1007 2394 1022 2435 ;
1066 2376 1337 2440 pluresque
1362 2393 1422 2424 eo
1451 2376 1653 2440 proelio,
1690 2374 1844 2437 quam

416 2456 650 2501 omnibus
670 2450 1012 2516 superioribus
1024 2455 1292 2503 interemti.
1311 2457 1439 2505 Nam
1454 2470 1631 2503 somno
1644 2463 1693 2499 et
1704 2464 1846 2502 metu

411 2534 614 2599 insolito
634 2532 868 2594 impedita
888 2532 1019 2595 fuga.

485 2614 540 2661 C.
569 2613 704 2658 Dan«
727 2612 917 2657 Marius
936 2645 952 2672 ,
987 2612 1064 2658 uti
1101 2623 1313 2677 coeperat
1333 2647 1349 2674 ,
1377 2613 1432 2660 in
1450 2613 1658 2660 hiberna
1690 2610 1844 2675 profl-

413 2692 616 2740 ciscitur
639 2707 781 2754 ;quae
795 2725 810 2750 ,
826 2701 1032 2754 propter
1059 2702 1418 2751 commeatum,
1445 2693 1500 2739 in
1519 2690 1716 2755 oppidis
1742 2705 1848 2737 ma-

412 2772 607 2821 ritumis
630 2786 768 2835 agere
792 2770 1087 2818 decreverat.
1111 2771 1289 2836 Neque
1308 2781 1473 2817 tamen
1500 2786 1666 2817 secors
1683 2769 1850 2816 victo«
1871 2807 1878 2813 .

413 2853 511 2917 ria,
535 2850 868 2901 autinsoleus·
883 2850 1074 2909 factus3
1100 2851 1187 2898 sed
1205 2851 1389 2915 pariter
1408 2864 1461 2896 ac
1487 2849 1542 2896 in
1569 2857 1857 2911 conspeetu·
