2150 3650
894 349 1841 405 JUGURTHA.115

409 448 657 512 agitabam
675 466 843 515 neque
862 453 939 501 illi
960 469 1062 514 res,
1088 468 1253 528 neque
1278 451 1546 501 consilium
1565 483 1582 511 ‚
1604 462 1692 500 aut
1708 452 1847 515 quis-

408 543 556 590 quam
584 528 851 579 hominum
877 533 993 580 satis
1010 532 1263 600 placebat3
1281 533 1460 579 itinera
1484 523 1850 596 praefectosque

404 606 462 652 in
483 607 586 654 dies
608 619 834 670 mutare3
870 612 1023 661 modo
1055 612 1327 660 advorsum
1360 611 1531 659 hostes
1548 642 1565 672 ‚
1590 610 1854 658 interdum

406 685 469 732 in
480 687 772 738 solitudines
793 707 995 755 pergere
1014 708 1030 750 ς
1056 706 1182 753 saepe
1202 690 1256 736 in
1284 687 1401 753 fuga
1425 723 1442 749 ‚
1458 705 1513 737 ac
1537 691 1656 753 post
1672 689 1844 754 paullo

409 779 548 828 spem
585 767 641 814 in
675 770 823 816 armis
853 769 1036 817 habere
1068 786 1086 828 3
1124 767 1352 815 dubitare
1371 800 1388 827 ‚
1418 769 1599 816 virtuti
1633 767 1843 833 popula—

405 843 538 892 rium
556 876 574 905 ‚
597 862 663 893 an
700 845 799 894 fide
827 845 995 903 minus
1021 846 1258 894 crederet.
1285 848 1361 892 Ita
1377 878 1396 906 ‚
1421 848 1742 911 quocumque
1769 850 1851 895 in:

406 923 630 971 tenderat
644 957 661 984 ‚
690 940 768 972 res
789 924 1011 972 advorsae
1027 936 1185 972 erant.
1211 924 1311 973 Sed
1333 924 1467 971 inter
1490 934 1573 972 eas'
1592 935 1755 973 moras
1773 942 1845 973 re·
1907 948 1911 952 ·

404 1001 556 1064 pente
581 1017 686 1049 sese
709 1002 942 1051 Metellus
968 1019 1086 1051 cum
1106 1003 1583 1051 exereitu'ostendit.
1609 1003 1844 1052 Numidae

406 1078 469 1125 ab
490 1078 748 1143 Jugurthfi
773 1097 869 1144 pro
907 1093 1133 1147 tempore
1157 1083 1317 1146 parati
1341 1082 1699 1144 instructique:
1728 1081 1856 1129 dein»

405 1156 641 1220 proelium
668 1160 923 1225 incipitur.
952 1160 1068 1223 Qua
1092 1163 1146 1209 in
1163 1173 1304 1226 parte
1325 1178 1416 1209 rex
1443 1160 1631 1221 adfuit,
1661 1160 1733 1208 ibi
1756 1160 1853 1208 ali-⁴

403 1237 650 1300 quamdiu
667 1250 941 1299 certatum}
965 1242 1117 1289 ceteri
1144 1258 1318 1289 omnes
1343 1242 1454 1305 ejus
1480 1240 1659 1289 milites
1676 1242 1842 1304 primo

402 1331 653 1366 concursu
686 1320 818 1384 pulsi
846 1319 1119 1385 fugatique.
1149 1322 1363 1369 Romani
1390 1322 1652 1385 signorum
1682 1332 1733 1369 et
1767 1335 1841 1368 ar-

404 1411 603 1444 morum
622 1398 878 1462 aliquanto
907 1413 1121 1449 numero
1139 1435 1157 1462 ‚
1189 1401 1416 1449 hostium
1447 1415 1724 1465 paucorum
1747 1416 1842 1463 po·

403 1476 498 1524 titi.
536 1478 662 1526 Nam
687 1478 842 1528 ferme
869 1480 1114 1530 Numidas
1138 1482 1194 1529 in
1213 1480 1450 1530 omnihus
1476 1480 1664 1546 proeliis
1687 1480 1841 1546 'pedes

385 1558 581 1622 magis,
615 1558 765 1621 quam
784 1576 919 1608 arma
942 1573 1100 1610 tutata
1127 1572 1261 1610 sunt.

469 1638 674 1686 Lxxv.
700 1640 773 1687 ΕΛ
798 1640 916 1705 fuga
940 1643 1233 1706 ,Iugurtha
1220 1640 1496 1706 impensius
1513 1641 1668 1690 modo
1690 1641 1841 1690 rebus

402 1704 508 1763 suis
542 1704 810 1777 diffidens,
842 1735 959 1765 cum
989 1719 1212 1783 perfugis
1250 1732 1301 1767 et
1330 1732 1472 1785 parte
1504 1719 1759 1783 equitatus
1782 1722 1840 1769 in

401 1793 698 1842 solitudines
715 1827 763 1855 ‚
766 1795 890 1842 dein
924 1797 1132 1844 Thalam
1174 1798 1402 1861 pervenit
1423 1830 1441 1858 .,
1497 1798 1566 1850 in·
1591 1798 1838 1862 oppidum

403 1887 644 1937 maguum
663 1885 715 1921 et
735 1874 1037 1939 opulentum
1051 1910 1067 1936 ‚
1082 1876 1170 1923 ubi
1193 1876 1419 1940 plerique
1434 1876 1688 1937 thesauri,
1711 1875 1841 1925 filio-

403 1968 619 2017 rumque
636 1954 747 2017 ejus
766 1953 956 2002 multus
981 1956 1208 2017 pueritiae
1226 1957 1402 2004 cultus·
1415 1968 1534 2004 erat.
1556 1959 1684 2017 Quae
1702 1966 1841 2020 post-

403 2047 556 2096 quam
586 2032 793 2080 Metello
825 2045 1078 2095 comperta
1098 2046 1115 2095 '‚
1140 2049 1445 2098 quamquam
1465 2035 1609 2081 *inter
1632 2035 1840 2082 Thalam

403 2110 696 2174 flumenque
713 2126 1022 2174 proxumum
1042 2144 1060 2172 ‚
1086 2112 1248 2175 spatio
1272 2112 1486 2160 millium
1511 2112 1841 2177 quinquagin-

404 2202 450 2240 ta
468 2224 487 2252 ‚
520 2189 629 2239 loca
661 2190 798 2238 arida
832 2202 984 2254 atque
1009 2203 1146 2240 vasta
1182 2208 1286 2240 esse
1310 2201 1641 2257 cognoverat3
1676 2204 1840 2241 tamen

400 2287 488 2335 spe
517 2268 746 2335 patrandi
771 2269 917 2337 belli,
942 2271 985 2317 si
1011 2270 1121 2334 ejus
1148 2269 1324 2337 oppidi
1341 2269 1536 2337 potitus
1556 2270 1709 2333 foret,
1737 2288 1841 2320 om-

403 2351 480 2398 nis
516 2351 802 2415 asperitates
828 2349 1159 2414 supervadere
1177 2385 1195 2412 ‚
1213 2365 1272 2419 »ac
1298 2361 1530 2400 naturam
1548 2353 1696 2400 etiam
1727 2353 1838 2401 vin·

399 2446 509 2478 cere
527 2429 827 2495 adgreditur.
846 2430 1007 2493 Igitur
1029 2430 1197 2479 omnia
1214 2431 1443 2494 jumenta
1467 2432 1668 2481 sarcinis
1686 2433 1852 2480 levari·

400 2508 572 2570 jubet,
602 2510 700 2557 nisi
724 2509 980 2559 frumento
1000 2509 1200 2559 dierum
1223 2510 1390 2560 decem
1411 2529 1426 2572 3
1454 2510 1678 2561 ceterum
1702 2524 1839 2562 utres

401 2588 584 2649 modo,
599 2599 650 2636 et
675 2589 768 2636 alia
784 2605 925 2653 aquae
945 2589 1124 2638 idonea
1143 2592 1347 2654 portari.
1366 2594 1604 2642 Praeterea
1624 2593 1852 2657 conquim

399 2669 465 2716 rit
482 2659 716 2732 exam-is,
734 2667 884 2733 quam
904 2668 1183 2733 plurimum
1210 2682 1401 2735 potest,
1422 2672 1599 2719 domiti
1618 2672 1850 2736 pecoris3-

401 2748 562 2811 eoque
577 2749 795 2814 imponit
814 2763 927 2795 vasa
945 2748 1198 2813 cujusque
1219 2750 1357 2798 modi
1369 2783 1386 2811 ‚
1405 2750 1643 2815 pleraque
1660 2751 1838 2814 lignea,

401 2825 603 2875 collecta
629 2843 693 2875 ex
711 2827 926 2893 tuguriis
953 2827 1309 2877 Numidarum.
1352 2830 1434 2878 Ad
1466 2831 1566 2879 hoc
1591 2828 1850 2878 finitumis.

399 2898 637 2969 imperat,
658 2908 762 2979 qui·
779 2923 831 2957 se
854 2918 973 2973 post
990 2908 1121 2972 regis
1142 2907 1312 2975 fugam
1340 2909 1544 2959 Metello
1572 2907 1836 2968 dederant,
