2150 3650
817 293 1284 348 JUGURTHA.
1676 299 1772 348 13³

307 399 319 412 ⁹
338 394 610 460 periatur,
631 392 730 459 qua
746 397 874 459 saepe
895 397 1133 461 prospere
1156 414 1293 446 usus.
1316 396 1445 457 Quae
1458 412 1620 461 quum
1640 396 1772 444 mul·
1790 418 1792 421 ⁴

342 485 422 522 tos
440 474 560 534 dies,
577 485 766 535 noctes,
780 485 990 523 aestuans
1008 476 1228 541 agitaret,
1243 476 1372 524 forte
1390 475 1593 540 qnidam
1605 477 1776 541 Ligus,

342 569 405 600 cx
445 554 739 602 cohortibus
782 554 1049 602 auxiliariis
1087 555 1228 603 miles
1269 556 1518 620 gregarius
1538 589 1555 617 ‚
1604 556 1775 603 castris

340 642 580 694 aquatum
616 648 837 695 egressus
852 667 869 694 ‚
894 632 1033 681 haud
1071 633 1250 696 procul
1276 632 1354 686 ab„
1374 634 1523 682 latere
1559 631 1743 683 ca‘stelli
1757 666 1774 695 .,

342 711 483 773 quod
506 726 740 762 avorsum
763 711 1111 775 proeliantibus
1139 722 1274 772 erat,
1309 713 1533 761 animum
1554 713 1779 761 advortit

341 789 473 837 inter
499 807 614 838 saxa
641 791 860 855 repentis
890 789 1117 837 cochleas
1132 820 1149 848 ‚
1182 805 1397 851 quarum
1434 807 1593 854 quum
1623 788 1775 839 unam

342 879 491 931 atque
518 870 746 927 alteram,
764 868 880 915 dein
897 867 1063 931 plures
1083 878 1273 931 peteret
1286 899 1305 927 ‚
1340 868 1510 915 studio
1528 869 1734 932 legundi
1755 904 1772 930 ‚

343 947 602 1011 paullatim
636 946 795 1009 prope
829 946 891 993 ad
921 961 1179 992 summum
1213 947 1400 993 montis
1435 961 1658 1011 egressus
1688 958 1781 994 est.

344 1025 446 1072 Ubi
471 1035 740 1087 postquam
761 1023 1083 1072 solitudinem
1100 1024 1350 1072 intellexit
1367 1059 1385 1088 ‚
1403 1042 1541 1073 more
1567 1025 1781 1073 humani

342 1103 556 1167 ingenii,
587 1103 774 1166 cupido
803 1104 979 1168 ignara·
997 1102 1203 1151 visundi
1231 1104 1451 1152 invadet.
1479 1105 1541 1151 Et
1567 1103 1697 1151 forte
1723 1105 1779 1152 in

346 1199 406 1231 eo
431 1182 543 1231 loeo
563 1182 761 1246 grandis
785 1183 890 1230 ilex
905 1183 1157 1231 coaluerat
1174 1183 1305 1231 inter
1329 1199 1445 1231 saxa
1461 1216 1482 1243 ‚,
1493 1183 1781 1248 paullulum

349 1262 502 1309 modo
521 1277 708 1325 prona,
739 1262 853 1309 dein
880 1260 1007 1309 flexa
1026 1273 1178 1326 atque
1199 1273 1344 1310 aucta
1359 1262 1415 1310 in
1432 1262 1747 1312 altitudinem
1766 1295 1784 1322 ‚

346 1342 451 1405 quo
468 1351 647 1389 cuncta
664 1342 974 1406 gignentium
994 1353 1172 1391 natura
1192 1342 1312 1402 fert;
1332 1341 1481 1405 cujus
1503 1342 1649 1405 ramis
1671 1359 1778 1391 mo-

348 1419 441 1482 do,
474 1420 627 1470 modo
659 1419 994 1469 eminentibus
1034 1421 1164 1468 saxis
1198 1420 1338 1469 nisus
1375 1422 1553 1486 Ligus,
1589 1420 1776 1469 castelli

343 1499 599 1564 planitiem
635 1500 926 1565 perscribit;
962 1501 1102 1564 quod
1126 1500 1297 1548 cuncti
1327 1500 1560 1551 Numidae
1596 1501 1786 1550 intenti.

344 1578 686 1642 proeliantibus
704 1580 924 1627 aderant.
945 1579 1223 1643 Exploratis
1243 1579 1506 1639 omnibns,
1522 1596 1634 1644 quae
1659 1597 1780 1628 mox

347 1658 463 1704 usui
484 1658 590 1706 fore
613 1655 824 1706 'ducebat
838 1691 855 1717 ‚
880 1657 1051 1704 eadem
1083 1658 1365 1720 regreditur
1378 1689 1395 1717 ‚
1421 1674 1527 1705 non
1555 1659 1741 1706 temere
1764 1692 1782 1720 ‚

350 1736 428 1782 uti
443 1734 750 1793 ascenderat,
770 1733 858 1781 sed
887 1744 1085 1798 tentans
1103 1735 1270 1780 omnia
1289 1744 1340 1780 et
1357 1734 1777 1797 circumspiciens.

346 1814 522 1875 Itaque
542 1812 759 1860 Marium
779 1810 992 1877 propere
1012 1810 1146 1869 adit3
1169 1821 1275 1859 acta
1294 1810 1493 1872 edocet,
1515 1812 1751 1860 hortatur
1763 1845 1780 1872 ‚

347 1892 410 1940 ab
430 1892 484 1940 exi
501 1904 666 1957 parte,
683 1892 783 1956 qua
809 1893 915 1955 ipse
943 1889 1260 1939 descenderat
1273 1924 1290 1951 ‚
1310 1890 1567 1939 castellum
1589 1901 1747 1938 tentet
1764 1907 1780 1950 ς

346 1971 612 2038 pollicetur
647 1988 751 2019 sese
778 1971 970 2018 itineris
1004 1962 1316 2034 periculique
1358 1969 1551 2016 ducem.
1587 1970 1779 2018 Marius

348 2066 466 2097 cnm
505 2051 710 2114 Ligure,
753 2048 995 2113 promissa
1031 2048 1318 2112 cognitum,
1346 2064 1410 2094 ex
1452 2047 1779 2111 praesentibus

350 2129 509 2189 misit;
530 2144 750 2193 quorum
764 2161 781 2187 ‚
801 2128 877 2176 uti
893 2126 1139 2190 cujusque
1158 2127 1415 2191 ingenium
1434 2137 1539 2174 erat
1552 2160 1569 2187 ‚
1586 2126 1654 2175 im
1674 2142 1780 2175 rem

348 2207 602 2258 difficilem
628 2219 715 2256 aut
746 2206 936 2256 facilem
965 2206 1279 2255 nunciavere.
1322 2205 1551 2256 Consulis
1583 2206 1781 2255 animus

349 2300 516 2338 tamen
533 2288 760 2354 paullum
778 2298 1008 2336 arrectus.
1045 2285 1223 2349 Itaque
1243 2302 1306 2333 ex
1332 2284 1474 2350 copia
1495 2285 1782 2334 tubicinum

349 2380 400 2416 et
414 2369 754 2429 cornicinum,
771 2383 984 2417 numero
1002 2367 1228 2431 quinque
1246 2363 1399 2430 quim
1424 2364 1782 2414 velocissumos

353 2446 560 2512 delegit,
586 2459 636 2496 et
670 2464 787 2495 cnm
812 2446 924 2508 his,
953 2445 1185 2510 praesidio
1216 2446 1309 2509 qui
1343 2445 1535 2505 forent,
1562 2457 1784 2510 quatuor

332 2542 336 2547 ·
351 2527 691 2576 centuriones:
709 2526 871 2574 omnis
888 2524 1062 2588 Liguri
1077 2540 1248 2588 parere
1265 2523 1438 2587 jubet,
1451 2534 1501 2572 et
1515 2524 1559 2573 'ei
1578 2524 1784 2590 negotio

351 2620 659 2669 proxumum
683 2605 814 2652 diem
841 2603 1123 2651 constitnit.

423 2684 599 2732 xclv.
641 2687 739 2732 Su>
764 2683 854 2731 ubi
878 2698 942 2729 ex
965 2691 1216 2745 praecepto
1244 2691 1442 2747 tempus
1469 2683 1659 2742 visum,
1694 2698 1783 2747 pa·

352 2761 471 2808 ratis
488 2763 879 2826 compositisque
902 2760 1140 2809 omnihus
1158 2759 1222 2806 ad
1239 2759 1408 2809 locum
1433 2763 1610 2825 pergit.
1640 2762 1779 2808 Cete-

358 2838 472 2889 rum
496 2839 595 2902 illi,
611 2843 711 2907 qui
738 2839 976 2891 centuriis
993 2849 1263 2905 puerant,
1278 2839 1517 2904 praedocti
1542 2838 1605 2886 ab
1625 2837 1753 2887 duce
1768 2871 1787 2900 ‚

1515 2932 1575 2964 ια
