2150 3650
367 260 459 326 1¹28
638 261 694 311 C.
731 259 1008 311 CRISPI
1061 260 1501 311 SALLUSTII

361 372 527 421 neque
545 373 607 405 ex
632 358 897 420 classibus,
926 360 1013 407 sed
1053 361 1132 408 uti
1168 359 1419 423 cujusque
1446 355 1624 405 lubido
1660 365 1766 403 erat
1784 387 1804 417 ‚

365 436 523 499 capite
549 452 721 486 censos
738 439 1023 502 plerosque.
1043 438 1105 485 Id
1125 437 1315 487 factum
1342 437 1428 485 alii
1446 435 1616 501 inopia
1635 434 1800 482 bono·

362 530 474 562 rum
486 549 504 574 ‚
534 516 612 563 alii
654 533 746 580 per
788 516 1114 568 ambitionem
1160 517 1384 566 consulis
1423 514 1764 564 memorabant
1785 530 1800 571 ς

361 592 499 658 quod
518 594 580 641 ab
597 611 657 642 eo
677 611 853 658 genere
870 595 1148 645 celebratus
1177 607 1454 659 auctusque
1487 605 1618 654 erat;
1634 604 1684 639 et
1701 594 1797 640 ho·

361 671 485 719 mini
504 674 783 737 potentiam
805 677 1048 738 quaerenti
1074 676 1437 739 egentissumus
1463 675 1678 737 quisque
1705 685 1797 734 op·

363 751 775 814 portunissumus
803 770 819 812 ς
855 755 938 801 cui
966 771 1130 818 neque
1163 769 1254 802 sua
1279 769 1435 812 curae,
1463 752 1651 816 quippe
1689 766 1801 814 quae

360 829 502 877 nulla
529 842 653 879 sunt
672 864 690 893 ‚
713 844 763 879 et
791 833 958 896 omnia
979 849 1096 881 cum
1119 833 1283 897 pretio
1314 831 1525 880 honesta
1541 829 1801 878 'videntum

362 906 525 972 Igitur
541 911 732 959 Marius
749 927 865 959 cum
884 912 979 974 maj
987 928 1072 959 ore
1102 913 1360 977 almuanto
1377 927 1591 976 numero
1611 942 1629 969 ‚
1646 908 1799 972 qnam

365 986 620 1036 decretum
641 1001 743 1037 erat
760 1023 777 1050 ‚
802 991 857 1038 in
882 991 1103 1039 Africam
1120 992 1379 1056 profectus
1399 1024 1416 1050 ‚
1433 989 1610 1037 diebus
1628 988 1799 1053 paucis

365 1069 563 1116 Uticam
582 1068 864 1117 advehitur.
896 1072 1159 1118 Exercitus
1174 1072 1220 1118 ei
1240 1069 1457 1118 traditur
1474 1085 1501 1116 a
1519 1071 1570 1116 P.
1603 1067 1798 1116 Rutilio

364 1146 546 1210 legato.
571 1148 699 1195 Nam
718 1149 954 1197 Metellus
973 1160 1299 1215 conspectum
1320 1149 1466 1196 Marii
1485 1148 1680 1212 fugerat
1697 1180 1714 1207 ‚
1733 1163 1799 1195 ne

365 1226 555 1274 videret
573 1244 628 1274 ea
648 1244 759 1291 quae
777 1229 945 1276 audita
963 1231 1159 1277 animus
1178 1229 1386 1277 tolerare
1404 1228 1713 1290 nequiverat.

433 1308 734 1355 LXXXVII.
756 1310 856 1357 San
875 1309 1076 1370 consul,
1094 1309 1307 1372 expletis
1324 1307 1605 1371 leg-ionibus
1623 1305 1802 1354 cohor·

366 1384 602 1452 tiliusque
637 1387 912 1436 auxiliariis
931 1419 948 1445 ‚
985 1389 1057 1452 in,
1073 1403 1249 1450 agrum
1293 1386 1508 1435 fertilem
1543 1396 1594 1433 et
1635 1382 1800 1449 preda
1895 1438 1912 1445 ,

362 1474 606 1511 onustum
643 1463 997 1527 proficiscitur.
1040 1467 1224 1513 Omnia
1262 1466 1337 1513 ibi
1368 1478 1512 1530 capta
1552 1463 1801 1512 militibus

363 1540 531 1589 donat.
561 1543 693 1589 Dein
717 1545 910 1592 castella
937 1555 987 1591 et
1007 1544 1195 1608 oppida
1210 1543 1392 1594 natura
1412 1556 1462 1593 et
1477 1543 1601 1592 viris
1618 1558 1799 1609 parum

366 1622 559 1669 munita
578 1621 862 1684 adgreditur
878 1638 891 1678 ς
907 1625 1082 1686 proelia
1100 1626 1259 1672 multa
1273 1657 1290 1686 .,
1317 1622 1539 1673 ceterum
1559 1622 1654 1670 alia
1673 1622 1802 1672 levia

365 1701 474 1749 aliis
490 1701 611 1749 locis
631 1703 807 1751 facere.
850 1704 1054 1751 Interim
1082 1705 1205 1751 novi
1225 1704 1404 1752 milites
1423 1706 1529 1752 sine
1546 1713 1685 1751 metu
1704 1719 1799 1766 pu·

368 1796 475 1846 gnae
499 1782 665 1832 adesse
685 1800 700 1843 3
722 1783 890 1832 videre
921 1783 1161 1848 fugientis
1194 1784 1327 1849 capi,
1346 1782 1534 1843 occidi3
1570 1782 1798 1832 fortissu—

365 1880 503 1912 mum
525 1880 776 1929 quemque
805 1866 1168 1923 tutissumum3
1197 1864 1346 1912 armis
1370 1863 1651 1911 libertatem
1669 1895 1686 1924 .,
1720 1878 1803 1927 pa-

367 1945 509 1991 triam
529 1955 855 2007 parentesque
882 1955 932 1991 et
952 1944 1043 1991 alia
1063 1944 1230 1991 omnia
1256 1943 1357 2006 tegi
1377 1960 1391 2003 ;
1410 1943 1616 2007 gloriam
1651 1952 1806 2005 atque

367 2021 562 2071 divitias
583 2025 753 2088 quaeri.
782 2026 862 2073 Sic
877 2023 1020 2071 brevi
1047 2022 1208 2087 spatio
1230 2023 1352 2071 novi
1370 2033 1661 2085 veteresque
1686 2035 1803 2068 coa-

362 2103 500 2152 luere
522 2136 538 2163 ,
562 2115 611 2150 et
630 2104 791 2152 virtus
811 2105 1038 2153 omnium
1057 2102 1259 2167 aequalis
1279 2101 1419 2149 facta.
1436 2102 1507 2148 At
1526 2117 1664 2165 reges
1678 2133 1695 2160 ‚
1709 2100 1803 2147 ubi

365 2181 427 2229 de
444 2182 666 2231 adventu
684 2184 833 2231 Marii
858 2192 1208 2246 cognoverunt
1225 2213 1243 2242 ‚
1263 2179 1450 2228 divorsi
1465 2181 1522 2227 in
1543 2181 1683 2228 locos
1703 2178 1802 2225 dif-

362 2259 506 2309 ficilis
525 2261 726 2310 abeunt.
747 2265 822 2310 Ita
842 2262 1109 2325 Jugurthae
1126 2261 1404 2326 placuerat,
1423 2258 1656 2323 speranti,
1677 2274 1805 2307 mox

361 2338 425 2384 eft
433 2356 552 2387 usos
573 2341 732 2388 hostis
750 2341 922 2387 invadi
940 2357 1116 2403 posse3
1135 2343 1389 2388 Romanos
1404 2372 1421 2398 ‚
1440 2338 1586 2386 sicuti
1602 2338 1798 2402 pleros-

360 2430 458 2479 que
477 2450 494 2472 ,
508 2429 702 2464 remoto
726 2429 865 2465 metu
885 2451 901 2475 .,
922 2416 1088 2465 laxius
1109 2417 1437 2483 licentiusque
1455 2417 1667 2466 futuros.

428 2495 754 2542 LXXXVIII.
780 2497 1056 2543 Marianus
1075 2497 1263 2544 interea
1291 2500 1503 2547 Romam
1523 2494 1805 2562 profectus,

359 2584 531 2622 contra
551 2590 689 2637 spem
709 2588 847 2620 suam
862 2606 878 2632 .‚
894 2574 1174 2625 laetissumis
1194 2576 1370 2625 animis
1390 2578 1641 2641 excipitur
1661 2575 1802 2637 3p1e-

359 2652 414 2700 bi
437 2665 551 2716 patr
568 2652 765 2716 busque
783 2685 800 2712 ‚
818 2664 1087 2717 postquam
1110 2656 1590 2705 invidiadecesserat
1610 2688 1628 2715 ‚
1651 2653 1798 2717 juxta

360 2749 520 2781 carus.
546 2732 643 2780 Sed
676 2733 864 2780 Marius
883 2735 1095 2799 impigre
1114 2734 1491 2798 prudenterque
1509 2750 1719 2783 suorum
1746 2744 1799 2781 et

358 2813 585 2864 hostium
608 2829 686 2862 res
702 2814 886 2877 pariter
903 2813 1192 2874 adtendere3
1212 2829 1511 2881 cognoscere
1529 2812 1656 2878 quid
1673 2811 1804 2861 boni
