2150 3650
881 336 1302 390 CATILINA.
1487 370 1492 377 .
1776 344 1810 402 9

442 435 555 486 ΧΠ.
590 439 869 494 Pas-regum
891 436 1077 484 divitiae
1096 435 1284 484 honori
1309 450 1411 482 esse
1429 449 1620 497 coepere
1629 462 1650 493 ‚›
1664 442 1715 480 et
1731 448 1810 483 eas

376 518 555 581 gloria,
589 517 886 581 imperium,
909 517 1164 582 potentia,
1192 513 1523 578 sequebatnr;
1547 511 1811 561 hebescere

372 597 533 644 virtus
550 629 568 656 ‚
611 607 876 661 paupertas
917 596 1108 660 probro
1146 594 1355 654 haberi,
1390 591 1678 640 innocentia
1715 607 1812 655 pro

369 673 704 723 malivolentia
725 674 868 736 duci,
893 676 1061 740 coepit.
1093 675 1254 739 Igitur
1278 689 1343 721 ex
1361 671 1548 720 divitiis
1574 670 1811 735 juventu-
1869 720 1874 725 ,

375 763 476 800 tem
504 754 707 802 luxuria
737 764 889 818 atque
919 755 1124 815 avaritia
1148 770 1265 801 cum
1296 750 1528 816 snperbia
1551 751 1774 798 invasere
1796 765 1811 795 z
1890 789 1899 797 .

372 846 542 896 rapere
560 864 578 892 ‚
616 848 937 892 consumere3
972 848 1062 881 sua
1094 833 1237 896 parvi
1264 831 1480 896 pendere
1499 862 1517 890 .,
1542 830 1699 877 aliena
1727 843 1816 876 cu-

377 923 522 972 pere3
552 911 802 973 pudorem
816 943 834 970 ‚
860 910 1183 973 pudicitiam,
1214 910 1383 957 divina
1408 920 1557 972 atque
1590 909 1813 955 humana

380 988 694 1049 promiscua,
718 987 851 1034 nihil
874 989 1018 1049 pensi
1035 998 1183 1049 atque
1205 987 1448 1033 moderati
1462 984 1659 1033 habere.
1680 988 1814 1050 Ope-

380 1079 448 1110 rae
465 1064 688 1126 pretium
707 1073 808 1123 est,
822 1080 983 1127 quum
1003 1064 1182 1125 domos
1198 1074 1350 1126 atque
1369 1063 1511 1111 villas
1527 1065 1818 1126 cognoveris

359 1193 364 1199 ,
384 1140 441 1186 in
481 1139 683 1187 urbium
713 1141 925 1188 modum
952 1140 1302 1201 exaedificatas,
1322 1141 1479 1189 visere
1500 1141 1681 1204 templa
1704 1141 1817 1189 dec-

376 1234 491 1267 rum
511 1234 622 1281 quae
639 1220 802 1268 nostri
821 1219 1052 1283 maiores,
1068 1220 1443 1284 religiosissumi
1462 1220 1725 1279 mortales,
1743 1218 1813 1267 fe·

381 1313 505 1346 cere.
530 1297 717 1346 Verum
737 1298 809 1346 illi
830 1298 1033 1347 delubra
1052 1299 1264 1347 deorum
1282 1299 1493 1362 pietate,
1517 1298 1696 1345 domos
1721 1297 1810 1349 suti

376 1373 532 1438 gloria}
547 1410 565 1437 ‚
584 1376 882 1425 decorabant
900 1411 918 1439 ‚
950 1395 1116 1442 neque
1149 1379 1293 1426 victis
1320 1377 1596 1442 quidquam
1635 1389 1814 1441 praeter

372 1454 572 1517 injuriae
603 1456 854 1504 licentiam
881 1457 1173 1522 eripiebant.
1209 1459 1281 1504 At
1311 1457 1368 1504 hi
1394 1455 1570 1505 contra
1601 1457 1815 1521 ignavis·

378 1536 511 1582 sumi
529 1535 788 1595 homines,
804 1552 895 1599 per
912 1553 1171 1585 summum
1190 1537 1379 1597 scelus,
1406 1537 1575 1584 omnia
1594 1552 1649 1584 ea
1668 1537 1813 1584 sociis

377 1613 592 1661 adimere
624 1630 736 1678 quae
767 1614 1047 1664 fortissumi
1067 1617 1166 1662 viri
1187 1616 1404 1663 victores
1435 1615 1668 1663 hostibus
1702 1616 1816 1664 reli·

369 1703 580 1756 querant
612 1708 625 1738 z
650 1693 875 1756 proinde
901 1696 1045 1758 quasi
1071 1695 1308 1758 injuriam
1326 1695 1510 1755 facere,
1537 1694 1589 1741 id
1610 1695 1815 1743 demum

369 1782 497 1818 esset
521 1772 735 1835 imperio
773 1772 868 1819 uti.
1179 1787 1184 1791 ·

438 1852 578 1898 xm.
610 1849 740 1898 Nun
768 1850 893 1916 quid
936 1866 992 1897 ea
1030 1866 1305 1898 memorem
1332 1867 1475 1914 quae,
1497 1852 1594 1900 nisi
1630 1852 1689 1899 iis
1723 1853 1816 1915 qui

366 1926 563 1989 videre,
589 1930 780 1976 nemini
808 1928 1063 1978 credibilia
1097 1939 1218 1976 sunt
1236 1960 1254 1989 ‚
1289 1945 1316 1976 a
1342 1930 1551 1993 privatis
1582 1931 1814 1994 complu-

369 2006 515 2054 ribus
553 2006 820 2054 subversos
855 2019 1085 2068 montes,
1122 2007 1275 2054 maria
1309 2019 1595 2056 constructa
1615 2041 1633 2069 ‚
1670 2025 1775 2057 esse
1791 2010 1815 2057 Ρ

369 2083 577 2144 Quibus
604 2084 729 2130 mihi
753 2083 990 2131 videntur
1012 2085 1235 2132 ludibrio
1255 2084 1409 2133 fuisse
1439 2086 1649 2146 divitiae3
1672 2089 1814 2153 quip-

367 2178 433 2228 pe
449 2196 467 2222 ‚
483 2178 607 2225 quas
628 2162 840 2210 honeste
866 2162 1048 2230 habere
1073 2163 1282 2225 licebat,
1307 2163 1449 2213 abuti
1465 2181 1557 2229 per
1585 2167 1811 2231 turpitu-

368 2241 537 2290 dinem
562 2240 917 2305 properabant.
953 2241 1052 2290 Sed
1085 2242 1265 2291 lubido
1300 2245 1491 2308 stupri,
1514 2262 1703 2310 ganeae,
1734 2264 1813 2296 ce-

367 2321 560 2384 terique
593 2318 764 2368 cultus
782 2352 800 2381 ‚
834 2336 940 2368 non
976 2322 1143 2370 minor
1176 2323 1444 2371 incesserat
1476 2341 1489 2372 ε
1530 2326 1665 2374 viros
1703 2328 1811 2391 pati

372 2399 660 2459 muliebria,
679 2401 912 2447 mulieres
929 2401 1224 2464 pudicitiam
1239 2402 1294 2449 in
1312 2405 1584 2467 propatulo
1602 2404 1784 2455 habere
1794 2423 1812 2467 3

371 2477 602 2526 vescendi
629 2479 826 2539 caussa,
868 2480 996 2528 terra
1039 2481 1264 2545 marique
1310 2483 1479 2530 omnia
1512 2485 1771 2548 exquirere
1793 2502 1810 2544 ς

370 2558 585 2605 dormire
599 2556 741 2620 prius
760 2557 910 2621 quim
930 2561 1095 2607 somni
1107 2559 1295 2624 cupido
1315 2572 1441 2609 esset
1452 2579 1467 2622 ;
1480 2578 1589 2610 non
1607 2561 1810 2627 famem,

365 2648 454 2684 aut
485 2636 646 2696 sitim,
670 2653 834 2701 neque
860 2636 1021 2704 frigus
1038 2670 1056 2698 ‚
1084 2655 1247 2703 neque
1275 2640 1625 2689 lassitudinem
1652 2658 1808 2707 oppe-

365 2715 480 2775 riri,
519 2714 606 2776 sed
631 2731 687 2762 ea
724 2716 891 2763 omnia
924 2717 1053 2765 luxu
1079 2728 1386 2781 antecapere.
1418 2720 1535 2767 Haec
1566 2719 1805 2783 juventu·

371 2805 498 2854 tem,
536 2793 625 2841 ubi
659 2791 923 2841 familiares
958 2811 1079 2858 opes
1124 2796 1402 2846 defecerant
1422 2832 1440 2860 ‚
1483 2797 1545 2845 ad
1588 2798 1807 2846 facinora

369 2871 714 2922 incendebant.
733 2872 949 2922 Animus
967 2873 1198 2924 imbutus
1217 2876 1357 2925 malis
1373 2876 1563 2925 artibus
1581 2875 1719 2924 haud
1735 2875 1806 2924 fa-
