2150 3650
796 332 840 380 'J
853 332 1196 381 U‘GURTH
1210 331 1273 381 A.
1689 333 1770 395 ‘95

324 425 662 493 quae-agerem
689 428 795 494 ipse
819 431 1030 495 propior
1055 440 1285 478 montem
1313 444 1431 477 cum
1459 428 1601 476 omni
1636 427 1772 492 equi-

335 516 442 555 tatu
463 508 654 572 pedites
681 508 886 575 dilectos
912 508 1124 557 collocat
1154 526 1165 555 ε
1188 509 1304 557 dein
1334 507 1553 573 singulas
1580 518 1771 556 turmas

335 597 487 651 atque
509 589 789 654 manipulos
807 589 1105 653 circumiens
1122 597 1295 636 monet
1311 599 1459 651 atque
1475 586 1773 649 obtestatur,

318 683 359 709 ‚n
395 666 475 716 uti
498 683 739 717 memores
757 655 981 732 pristinae
999 666 1202 715 virtutis
1220 677 1270 714 et
1281 668 1506 715 »victoriae
1533 682 1685 730 seque
1699 683 1774 715 re-

337 766 361 788 «
395 761 653 811 gnumque
662 762 813 795 suum
831 747 893 794 ab
907 748 1253 794 Romanorum
1268 745 1469 793 avaritia
1479 745 1774 795 defendant:

335 843 359 867 α
383 825 609 876 cumhis
626 838 876 875 certamen
901 824 1010 873 fore
1028 858 1045 886 .,
1066 840 1197 889 quos
1211 835 1368 872 antea
1392 826 1555 873 victos
1572 825 1667 872 sub
1693 825 1774 888 ju·-

336 923 360 947 e
397 920 519 968 gum
543 906 802 953 miserint:
840 904 1019 952 ducem
1051 903 1179 964 illis,
1212 918 1320 951 non
1347 904 1581 951 animum
1618 915 1771 951 muta-

334 1002 361 1026 n
400 993 512 1031 tum
537 1000 549 1029 :
573 998 685 1045 quae
718 982 780 1029 ab
813 984 1113 1047 imperatore
1150 982 1408 1030 decuerint
1426 1015 1443 1043 ‚
1478 982 1645 1030 omnia
1674 983 1777 1031 suis

339 1083 362 1104 ι
397 1061 635 1125 provisa3
663 1061 832 1110 locum
866 1061 1173 1125 superiorem
1188 1094 1207 1122 ‚
1236 1061 1314 1108 uti
1349 1060 1623 1125 prudentes
1659 1076 1777 1108 cum

340 1160 363 1182 ι
398 1141 642 1204 imperitis
662 1174 680 1201 .,
704 1156 769 1188 ne
794 1143 1056 1206 pauciores
1075 1157 1195 1189 cum
1218 1140 1454 1207 pluribus
1472 1172 1489 1200 ,
1514 1151 1603 1187 aut
1627 1139 1779 1188 rudes

340 1239 364 1263 ιι
402 1235 522 1270 cum
560 1219 692 1268 bello
726 1218 1014 1269 melioribus
1046 1236 1253 1269 manum
1296 1230 1628 1269 consererent.
1655 1223 1779 1267 Pro·

339 1319 363 1343 α
400 1298 520 1354 inde
541 1300 702 1364 parati
724 1299 1006 1365 intentique
1033 1310 1198 1348 essent
1214 1333 1232 1361 ‚
1259 1300 1403 1364 signo
1426 1299 1544 1347 dato
1558 1332 1577 1359 ‚‚
1602 1300 1786 1346 Roma-

332 1398 365 1422 .«
402 1395 497 1434 nos
530 1379 766 1428 invadere
799 1397 811 1428 ε
840 1379 985 1428 illum
1021 1380 1155 1430 diem
1185 1390 1274 1429 aut
1289 1381 1465 1428 -omnis
1498 1379 1693 1427 labores
1730 1388 1783 1426 et

340 1479 365 1503 ι
400 1459 632 1508 victorias
655 1457 1099 1521 confirmaturum,
1126 1470 1214 1508 aut
1240 1475 1588 1508 maxumarum
1599 1469 1782 1507 ‘aei‘mn-

341 1559 365 1581 α
397 1555 579 1588 narum
597 1539 801 1588 initium
828 1539 937 1590 fore
961 1561 998 1587 n.
1025 1539 1109 1587 Ad
1133 1540 1232 1589 hoc
1250 1538 1437 1587 viritim
1452 1573 1469 1599 ‚
1495 1539 1575 1586 uti
1601 1551 1782 1602 *quem-

341 1633 440 1682 que
453 1652 471 1680 ‚
486 1620 556 1667 ob
581 1619 793 1667 militare
815 1619 1036 1679 facinus,
1062 1618 1278 1682 pecunisi
1305 1630 1393 1666 aut
1415 1619 1611 1667 honore
1631 1629 1781 1665 extu-

342 1695 464 1744 lerat
481 1728 499 1756 ‚
528 1696 953 1745 commonefacere
981 1696 1216 1744 beneficii
1243 1699 1352 1749 sui,
1378 1708 1429 1745 et
1460 1713 1583 1744 cum
1609 1697 1780 1760 ipsum

344 1774 453 1822 aliis
487 1785 733 1821 ostentare
766 1792 778 1821 t
815 1775 1074 1837 postremo
1093 1808 1112 1837 ‚
1136 1790 1238 1839 pro
1263 1773 1517 1840 cujusque
1546 1774 1748 1838 ingenio
1769 1805 1787 1833 .,

348 1853 662 1918 pollicendo,
680 1852 960 1900 minitando
977 1885 996 1913 ‚
1021 1853 1317 1902 obtestando
1336 1884 1353 1914 ‚
1378 1853 1533 1903 alium
1555 1853 1655 1901 ‘alio
1679 1868 1785 1900 mo·

345 1933 415 1982 do
440 1933 656 1981 excitare
676 1949 690 1979 e
718 1948 880 1995 quum
914 1932 1116 1980 interim
1141 1933 1374 1981 Metellus
1389 1966 1406 1994 .,
1442 1934 1643 1998 ignarus
1667 1932 1783 1981 hot-

346 2011 478 2060 tium
495 2043 517 2070 ,
546 2020 720 2058 monte
746 2009 1034 2073 degrediens
1060 2027 1179 2060 cum
1214 2011 1436 2059 exercitu
1462 2011 1785 2075 conspicitur.

345 2090 518 2145 Primo
542 2088 731 2137 dubius
749 2121 768 2150 ‚
792 2088 1033 2152 quidnam
1057 2090 1260 2139 insolita
1287 2089 1434 2138 facies
1474 2090 1758 2138 ostenderet
1771 2121 1789 2150 .,

344 2168 504 2234 (nam
534 2170 668 2217 inter
694 2168 914 2232 virgulta
936 2170 1054 2233 equi
1074 2168 1408 2234 Numidoeque
1426 2169 1754 2219 consederant
1768 2201 1788 2231 ‚

346 2264 512 2314 neque
555 2248 702 2314 plani
727 2249 964 2298 occultati
1003 2249 1290 2298 humilitate
1325 2247 1563 2297 arborum
1592 2283 1610 2312 .,
1640 2260 1689 2298 et
1719 2260 1789 2298 ta-

330 2345 468 2379 ·men
488 2329 667 2381 incerti
689 2327 929 2393 quidnam
960 2339 1113 2390 esset,
1141 2346 1257 2395 cum
1291 2329 1469 2378 ποῖαι-ἂ
1505 2329 1639 2392 loci,
1675 2341 1787 2380 tum

349 2407 468 2457 dolo
487 2409 587 2473 ipsi
601 2420 752 2472 atque
771 2409 908 2473 signa
926 2410 1154 2461 militaria
1176 2410 1427 2458 obscurati
1442 2410 1480 2475 ).,
1497 2409 1630 2471 dein,
1646 2410 1787 2460 brevi

350 2487 566 2551 cognitis
606 2485 799 2536 insidiis
818 2523 835 2551 .,
879 2489 1153 2554 paullisper
1192 2505 1371 2554 agmen
1411 2491 1655 2539 constitit.
1706 2491 1785 2540 Ibi

348 2567 671 2616 commutatis
696 2567 960 2616 ordinibus
972 2602 990 2629 ‚
1006 2568 1062 2617 in
1082 2570 1285 2618 dextero
1301 2571 1456 2619 latere
1468 2603 1487 2631 ‚
1512 2571 1653 2635 quod
1669 2587 1786 2635 pro·

347 2661 563 2697 xumum
590 2646 752 2696 hostis
774 2658 912 2709 erat,
946 2647 1228 2712 triplicibus
1252 2649 1485 2698 subsidiis
1519 2651 1675 2699 aciem
1697 2650 1788 2699 in·

336 2726 539 2779 wtruxit
571 2744 587 2776 τ
611 2726 744 2781 inter
786 2725 1068 2789 manipulos
1108 2726 1389 2777 funditores
1415 2738 1466 2777 et
1509 2731 1786 2795 sagittarios

354 2802 586 2867 dispertit
608 2822 623 2855 z
650 2806 929 2870 equitatum
963 2820 1168 2854 omnem
1194 2807 1250 2854 in
1273 2807 1514 2858 cornibus
1537 2808 1700 2857 locat:
1728 2822 1786 2854 ac

353 2897 630 2950 pauca-pro
660 2895 884 2951 tempore
910 2885 1092 2936 milites
1116 2885 1347 2943 hortatus
1365 2919 1383 2949 ,
1412 2888 1568 2941 aciem
1585 2916 1603 2948 ‚
1639 2886 1786 2939 sicuti
