2150 3650
382 335 446 368 «a
672 317 730 365 C.
765 317 1043 365 CRISPI
1089 317 1533 370 SALLUSTII

378 413 570 463 hortari
606 410 758 473 alios,
790 413 913 460 alios
942 424 1157 465 tentare:
1193 431 1314 481 opes
1348 434 1487 479 suas,
1516 420 1809 485 imparatam

377 486 761 555 rempublicam,
795 507 972 555 magna
996 494 1195 556 praemis
1227 495 1589 557 conjurationis
1616 500 1807 551 docere.

375 568 476 619 Ubi
512 569 627 617 satis
655 569 910 633 explorata
933 582 1053 619 sunt
1076 588 1187 635 quae
1213 573 1404 635 voluit,
1426 576 1483 624 in
1510 593 1672 626 unum
1703 595 1808 628 om-

374 651 452 724 nis
478 658 723 697 convocat
751 647 937 712 quibus
974 666 1206 699 maxuma
1231 655 1546 703 necessitudo
1575 668 1626 705 et
1647 658 1805 722 pluri-

373 725 514 776 mum
554 725 783 775 audaciae.
824 728 897 775 Εὐ
934 743 1214 777 convenere
1250 735 1485 783 senatorii
1530 737 1719 784 ordinis
1745 740 1802 785 P.

280 838 287 842 -
370 807 615 855 Lentulus
642 807 793 866 Sura,
809 807 864 855 P.
891 807 1173 856 Autronius
1190 842 1208 870 ,
1233 812 1291 857 L.
1310 813 1504 861 Cassius
1526 816 1803 878 Longinus,

370 888 445 936 C.·
467 886 746 950 Cethegus,
775 886 832 934 P.
871 896 922 934 et
967 887 1169 935 Servius
1209 890 1555 940 sullae-Servii
1590 891 1708 954 filii,
1740 897 1800 942 L.

366 966 730 1030 Vargunteius,
756 966 822 1026 Q.
842 964 1042 1014 Annius
1057 1000 1074 1027 ,
1096 969 1168 1015 M.
1185 970 1393 1017 Porcius
1417 973 1580 1032 Laeca,
1604 972 1661 1019 1..
1680 975 1797 1020 Bes·

366 1047 464 1107 tia,
487 1046 552 1107 Q.
581 1044 784 1111 Curius:
811 1056 1047 1108 praeterea
1065 1062 1130 1094 ex
1148 1049 1368 1110 equestri
1393 1050 1571 1097 ordine
1589 1051 1667 1098 M.
1683 1049 1793 1098 Ful-

364 1127 479 1174 vius
497 1123 730 1172 Nobilior
747 1155 764 1182 ,
789 1124 844 1171 L.
873 1124 1095 1173 Statilius
1112 1157 1130 1184 ,
1154 1127 1208 1180 Ρ..
1241 1127 1483 1176 Gabinius
1504 1128 1713 1190 Capito,
1737 1129 1795 1178 G.

363 1203 630 1255 Cornelius
650 1218 662 1248 ε
688 1200 750 1248 ad
774 1199 874 1247 hoc
900 1201 1049 1249 multi
1084 1218 1148 1248 ex
1170 1203 1381 1251 coloniis
1408 1215 1459 1252 et
1490 1206 1794 1271 municipiis,

364 1284 504 1332 domi
535 1279 745 1329 nobiles.
770 1279 925 1326 Erant
942 1290 1177 1348 praeterea
1197 1282 1481 1344 complures
1511 1284 1682 1348 paullo
1711 1300 1793 1333 oc-

360 1359 545 1410 cultius
597 1357 790 1405 consilii
824 1357 1036 1419 hujusce
1073 1358 1336 1421 participes
1392 1361 1584 1408 nobiles
1601 1395 1619 1422 ,
1662 1379 1793 1426 quos

362 1440 515 1504 magis
553 1435 907 1486 dominationis
940 1452 1052 1499 spes
1076 1435 1375 1485 hortabatur
1400 1438 1552 1501 quam
1590 1441 1793 1506 inopia,

359 1530 451 1573 aut
485 1516 579 1564 alia
609 1513 940 1562 necessitudo.
968 1513 1206 1562 Ceterum
1241 1514 1481 1577 juventus
1517 1519 1756 1582 pleraque
1770 1552 1791 1581 ,

360 1598 448 1646 sed
484 1593 717 1644 maxume
753 1592 1032 1655 nobilium,
1068 1594 1289 1643 Cutilime
1332 1596 1542 1660 inceptis
1576 1597 1793 1646 favebat.

359 1676 562 1740 Quibus
598 1674 654 1720 in
689 1672 795 1720 otio
832 1672 912 1721 vel
962 1671 1222 1737 magnifice
1256 1676 1339 1724 vel
1374 1676 1587 1725 molliter
1621 1678 1787 1725 vivere

353 1756 498 1822 copia
523 1763 626 1802 erat
642 1785 660 1813 ,
685 1753 870 1800 incerta
895 1768 989 1816 pro
1025 1753 1197 1814 certis,
1218 1752 1406 1805 bellum
1441 1755 1592 1819 quam
1616 1771 1787 1819 pacem

357 1834 617 1886 malebant.
655 1836 810 1880 Fuere
840 1831 962 1880 item
995 1832 1051 1880 ei
1089 1843 1378 1896 tempestate
1404 1834 1784 1897 quisscrederent

352 1918 428 1965 M.
466 1913 714 1963 Licinium
758 1912 990 1961 Crassum
1027 1927 1135 1960 non
1174 1913 1403 1975 ignarum
1441 1911 1549 1973 ejus
1588 1912 1786 1960 consilii

352 1996 530 2053 fuisse3
556 1992 674 2057 quia
713 1991 807 2039 Cn.
844 1991 1142 2055 Pompeius,
1173 1991 1366 2042 invisus
1389 1989 1516 2054 ipsi,
1545 2005 1781 2056 magnum

352 2075 627 2123 exercitum
662 2068 920 2129 ductabat3
957 2069 1179 2131 cujusvis
1209 2085 1328 2133 opes
1363 2069 1582 2118 voluisse
1606 2081 1782 2119 contra

347 2154 480 2207 illius
499 2150 773 2215 potentiam
791 2161 1039 2195 crescere:
1062 2148 1215 2195 simul
1239 2146 1514 2206 confisum,
1536 2148 1579 2194 si
1605 2148 1779 2211 conju-

350 2232 477 2281 ratio
503 2228 760 2280 valuisset,
787 2225 927 2272 facile
947 2225 1084 2289 apud
1108 2223 1220 2272 illos
1240 2225 1518 2287 principem
1543 2241 1595 2272 se
1618 2224 1741 2274 fore.

418 2307 603 2357 xvm.
638 2305 739 2351 Szn
766 2314 908 2350 antea
936 2303 1057 2350 item
1084 2302 1407 2363 conjuravere
1430 2304 1579 2367 pauci
1602 2316 1778 2356 contra

250 2427 255 2432 .
346 2385 737 2450 rempublicam,
772 2382 828 2429 in
869 2380 1056 2444 quibus
1098 2380 1322 2430 Catilina.
1365 2383 1441 2429 De
1486 2399 1589 2447 quo
1625 2384 1778 2448 quam

345 2463 615 2515 verissume
637 2470 816 2525 potero
849 2458 1022 2506 dicam.
1057 2461 1114 2507 Ι...
1138 2459 1313 2519 Tullo,
1337 2463 1408 2509 M.
1441 2463 1629 2527 Lepido
1655 2480 1775 2512 con·

347 2544 569 2602 salibus,
591 2543 648 2588 P.
680 2537 964 2590 Autronius
980 2548 1032 2585 et
1053 2542 1109 2588 P.
1140 2538 1302 2600 Sulla,
1325 2539 1568 2605 designati
1594 2558 1774 2590 consu·

345 2626 441 2684 les,
451 2620 644 2687 legibus
661 2614 878 2666 ambitus
895 2616 1185 2684 interrogati
1203 2635 1371 2683 poenas
1386 2620 1637 2669 dederant.
1651 2624 1774 2669 Post

346 2702 514 2770 paullo
550 2697 758 2748 Catium
770 2729 790 2758 „
829 2697 1157 2761 pecuniarum
1194 2698 1588 2763 repetundarum
1622 2714 1737 2746 reus
1750 2729 1768 2757 ,

344 2780 631 2849 prohibitus
660 2788 764 2825 erat
797 2775 1115 2825 consulatum
1147 2789 1345 2842 petere;
1380 2778 1520 2842 quod
1543 2779 1674 2825 intra
1696 2776 1765 2824 le·

344 2863 545 2933 gitimos
578 2858 685 2912 dies
707 2854 934 2924 profiteri
966 2857 1265 2921 nequiverit,
1296 2859 1411 2908 Erat
1435 2856 1611 2908 eodem
1645 2868 1767 2907 tem.

1975 394 1980 413 .

1977 434 1990 501 ἢῆ

1999 560 2012 585 π

2007 606 2012 645 ἱ
