2150 3650
834 363 1291 413 JUGURTHA.
1683 370 1775 418 141

333 461 435 508 mis
446 460 826 520 ‚cadaveribus;
845 472 896 508 et
914 461 1109 509 interea
1126 461 1317 508 humus
1334 457 1516 507 infecta
1527 456 1781 522 sanguine.

406 539 513 587 CII.
550 542 746 588 Posru
773 538 878 587 loci‘
897 540 1106 600 consul,
1130 539 1271 587 haud
1299 539 1451 587 dubie
1467 539 1567 602 jam
1586 538 1748 585 victor
1764 568 1785 597 ‚

330 619 573 683 pervenit
596 620 652 667 in
679 619 924 684 oppidum
949 620 1134 669 Cirtam
1155 650 1171 677 ‚
1209 619 1315 681 quo
1347 619 1493 666 initio
1525 617 1783 681 profectus

330 696 637 746 intenderat.
651 699 724 747 Εὸ
744 711 859 762 post
878 698 1010 745 diem
1030 698 1286 759 quintum,
1300 696 1452 758 quim
1470 698 1652 744 iterum
1672 696 1782 744 bar-

332 775 450 823 bari
470 777 596 824 male
613 787 959 842 pugnaverant
973 808 990 835 ‚
1004 775 1154 839 legati
1177 791 1205 821 a
1222 775 1425 823 Boccho
1443 776 1675 835 veniunt,
1691 773 1783 837 qui

335 857 470 920 regis
488 856 655 904 verbis
674 856 736 903 ab
773 855 937 902 Mario
962 855 1204 917 petivere,
1234 873 1255 894 ιι
1277 853 1382 901 duo
1402 853 1552 916 quim
1585 853 1783 901 fidissu-

330 955 353 977 -
396 950 511 981 mos
538 934 602 981 ad
626 950 744 981 eum
778 933 1029 991 ,mitterem
1053 932 1180 979 velle
1223 931 1284 979 de
1309 947 1387 989 se,
1419 942 1469 978 et
1507 931 1569 978 de
1605 931 1785 995 populi

332 1033 358 1056 α
398 1013 594 1059 romani
615 1011 904 1070 commodo,
920 1027 1038 1059 cum
1061 1011 1103 1059 is
1125 1010 1360 1058 disserere
1376 1032 1414 1057 n.
1433 1009 1523 1057 Ille
1541 1011 1708 1057 statim
1727 1013 1784 1057 L.

334 1088 531 1138 Sullam
561 1100 611 1137 et
628 1091 690 1137 A.
718 1090 963 1137 Manlium
985 1089 1056 1137 ire
1076 1090 1239 1152 jubet.
1259 1089 1364 1150 Qui
1383 1104 1688 1153 quamquam
1705 1104 1784 1136 ac·

336 1168 431 1216 citi
459 1167 625 1230 ibant,
660 1180 826 1217 tamen
852 1169 1040 1233 placuit
1067 1168 1218 1216 verba
1241 1168 1379 1232 apud
1403 1185 1566 1234 regem
1592 1168 1784 1227 facere3

328 1247 597 1313 ingenium
628 1260 716 1296 aut
739 1237 977 1295 avorsum
1011 1249 1090 1297 uti
1124 1247 1406 1305 flecterent;
1433 1258 1523 1295 aut
1540 1246 1784 1313 cupidum

254 1386 270 1397 ·
329 1326 470 1394 pacis
489 1324 838 1375 vehementius
864 1327 1207 1375 accenderent.
1239 1328 1415 1390 Itaque
1442 1326 1608 1387 Sulla,
1636 1324 1786 1388 cujus

332 1405 610 1466 facundiae‚
651 1422 757 1454 non
799 1406 961 1467 mati,
989 1421 1016 1453 a
1052 1406 1245 1455 Manlio
1274 1421 1594 1468 concessum,
1621 1419 1783 1471 pauca

333 1484 488 1532 verba
517 1484 877 1548 hujuscemodi
906 1485 1135 1535 locutus:

408 1585 431 1607 α
469 1566 581 1612 Rex
604 1566 805 1613 Bocche
821 1598 840 1625 ‚
874 1582 1050 1630 magna
1074 1567 1224 1614 nobis
1244 1565 1413 1614 laetitia
1426 1599 1444 1627 ‚
1461 1572 1621 1629 qu‘um
1640 1577 1690 1614 te
1713 1576 1784 1614 ta-

335 1665 361 1690 ι
396 1644 491 1690 lem
513 1645 680 1691 virum
700 1644 752 1690 di
771 1660 1038 1704 monuere,
1055 1647 1136 1692 uti
1154 1646 1425 1708 aliquando
1443 1662 1614 1708 pacem
1634 1644 1786 1710 quium

342 1745 365 1765 «
402 1721 596 1769 bellum
633 1722 828 1778 malles;
861 1738 963 1769 neu
992 1734 1041 1769 te
1082 1734 1353 1785 optumum
1390 1738 1506 1769 cum
1549 1740 1786 1786 pessumo

339 1823 362 1844 κ
401 1800 632 1848 omnium
652 1798 907 1862 Jugurtha
927 1800 1183 1848 miscendo
1206 1800 1621 1861 commaculares3
1640 1801 1788 1850 simul

340 1901 363 1924 ιι
404 1877 552 1926 nobis
571 1878 792 1925 demeres
814 1878 1042 1926 acerbam
1060 1878 1479 1927 necessitudinem
1498 1912 1515 1940 ‚
1536 1881 1720 1943 pariter
1739 1889 1790 1927 te

342 1982 366 2002 «
403 1968 652 2005 errantem
688 1967 737 2003 et
763 1957 907 2004 illum
944 1958 1396 2006 sceleratissumum
1424 1960 1674 2024 persequi.
1705 1957 1790 2007 Ad

347 2060 369 2080 α
407 2037 506 2084 hoc
517 2069 534 2096 ‚
543 2036 739 2099 populo
755 2050 963 2084 romano
980 2036 1082 2099 jam
1097 2037 1241 2101 inopi
1254 2037 1421 2085 visum
1435 2038 1622 2085 amicos
1637 2035 1788 2101 quim

344 2138 367 2160 α
405 2130 575 2163 servos
597 2130 816 2178 quaerere
839 2132 854 2174 ;
881 2115 1044 2163 tutius
1064 2115 1157 2163 rati
1175 2115 1462 2163 volentibus
1481 2114 1632 2180 quim
1651 2132 1791 2164 coac·

348 2219 370 2241 a
408 2195 473 2242 tis
497 2193 793 2259 imperitare.
814 2193 928 2242 Tibi
946 2195 1070 2242 vero
1091 2192 1229 2242 nulla
1256 2195 1597 2259 opportunior
1619 2194 1792 2244 nostri

348 2297 370 2319 κ
407 2272 622 2321 amicitia
644 2272 896 2338 :primum
916 2306 934 2336 ‚
955 2273 1098 2339 qudd
1115 2275 1296 2338 procul
1320 2273 1560 2322 absumus
1578 2307 1595 2335 ‚
1611 2275 1668 2323 in
1686 2290 1791 2338 quo

342 2377 365 2399 a
403 2353 605 2403 offensae
632 2351 899 2402 minimum
922 2386 940 2416 ‚
966 2352 1121 2420 gratia
1139 2369 1230 2417 par
1265 2369 1318 2401 ac
1344 2353 1386 2401 si
1414 2353 1575 2418 prope
1600 2353 1791 2402 adesse·

348 2455 370 2476 α
408 2449 550 2493 mus;
570 2433 688 2482 dein
701 2466 719 2493 .,
737 2432 877 2498 quod
903 2443 1137 2497 parentes
1157 2433 1357 2481 abunde
1374 2432 1644 2495 habemns,
1669 2435 1791 2483 ami-

346 2533 370 2555 ·
407 2527 585 2560 eorum
611 2528 776 2576 neque
795 2513 968 2574 nobis,
985 2529 1153 2577 neque
1172 2510 1409 2577 cuiquam
1431 2514 1660 2561 omnium
1672 2547 1689 2576 ‚
1716 2530 1789 2562 sa-

353 2614 373 2634 «
414 2590 494 2638 tis.
528 2589 698 2655 Atque
724 2592 825 2639 hoc
843 2592 1037 2640 utinam
1060 2608 1088 2639 a
1107 2592 1363 2657 principio
1385 2592 1477 2640 tibi
1503 2593 1790 2657 placuisset!

347 2693 367 2713 a
404 2670 634 2734 profecto
660 2681 722 2717 ex
741 2670 938 2734 populo
959 2687 1171 2719 romano
1200 2672 1364 2719 multo
1389 2671 1535 2735 plura
1556 2672 1691 2720 bona
1715 2688 1793 2720 ac-

348 2770 369 2792 «
404 2749 615 2812 cepisses
627 2780 645 2808 ‚
664 2747 818 2812 quim
838 2749 963 2797 mala
976 2765 1246 2814 perpessus
1265 2766 1410 2799 esses.
1432 2751 1533 2798 Sed
1552 2751 1791 2814 quoniam

350 2849 370 2869 α
408 2827 741 2877 humanarum
777 2843 947 2876 rerum
985 2827 1191 2876 fortuna
1227 2829 1467 2894 pleraque
1509 2830 1635 2892 regit
1654 2846 1669 2887 ;
1705 2831 1789 2877 cui

348 2929 370 2950 «ι
408 2905 593 2954 scilicet
618 2906 863 2969 placuisse
881 2916 932 2956 et
950 2908 1053 2958 vim
1065 2940 1082 2967 ‚
1103 2919 1152 2955 et
1174 2909 1381 2972 gratiam
1399 2917 1622 2957 nostram
1640 2924 1790 2973 expe-
