2150 3650
420 334 511 388 148
698 334 752 382 C.
789 331 1074 381 CRISPI
1128 331 1564 381 SALL‘USTII

408 442 526 491 pace
545 439 595 475 et
626 429 686 477 de
705 430 1057 478 communibus
1086 430 1236 478 rebus
1263 429 1435 478 multis
1461 430 1710 479 disseruit.
1746 431 1850 478 De-

410 507 562 570 nique
588 510 689 573 regi
706 508 942 573 patefacit
960 542 977 569 ‚
995 533 1016 552 κ
1039 510 1181 576 quod
1205 509 1527 574 polliceatur,
1551 521 1777 557 senatum
1797 520 1842 556 et

408 606 428 626 α
462 589 713 652 populum
741 604 1026 650 romanum,
1068 590 1308 652 quoniam
1336 587 1551 652 amplius
1587 588 1735 635 armis
1760 604 1843 635 va·

407 686 428 706 ι
461 664 699 728 luissent,
739 684 847 715 non
887 669 942 715 in
970 668 1175 732 gratiam
1210 667 1473 715 habituros
1502 685 1516 715 ε
1551 667 1843 715 faciundum

406 765 427 785 α
464 745 687 809 aliquid,
719 747 860 810 quod
885 747 1088 795 illorum
1122 749 1275 811 magis
1302 746 1452 811 qnam
1489 746 1580 793 sna
1615 748 1843 794 retulisse

407 845 428 866 ιι
465 824 752 884 videretur-3
783 826 835 873 id
855 826 979 874 adeo
1004 825 1057 871 in
1085 836 1294 890 promtu
1321 842 1423 877 esse
1441 858 1459 885 ‚
1484 827 1727 888 quoniam
1760 829 1790 871 J
1794 841 1845 871 u-

406 925 427 946 ι
466 904 661 968 gurthae
687 906 883 970 copiam
908 905 1115 952 haberet
1136 922 1147 951 ε
1169 921 1320 967 quem
1347 906 1389 952 si
1422 905 1663 952 Romanis
1693 905 1842 952 tradi-

406 1004 428 1026 ιι
467 983 651 1044 disset,
676 983 782 1032 fore
819 984 896 1032 uti
925 985 1001 1031 illi
1030 982 1305 1048 plurimum
1329 983 1630 1041 ·deberetur;
1677 984 1841 1030 amici·

407 1083 428 1104 ι
466 1063 611 1125 tiam,
637 1062 798 1111 foedus
812 1097 829 1124 ‚
846 1062 1097 1111 Numidiae
1115 1074 1306 1126 partem
1324 1094 1341 1121 ‚
1366 1077 1518 1128 quam
1545 1078 1683 1109 nunc
1705 1073 1841 1126 pete·

406 1164 428 1185 ι
466 1154 541 1190 ret
555 1176 571 1202 ‚
590 1143 723 1190 ultr&
743 1142 1069 1190 adventuram
1084 1163 1121 1188 υ.
1140 1146 1252 1190 Rex
1269 1143 1435 1206 prime)
1455 1143 1696 1204 negitare:
1718 1164 1739 1183 κ
1758 1142 1845 1189 ad·

406 1243 428 1264 ι
468 1220 742 1281 finitatem,
764 1222 1139 1286 cognationem,
1175 1232 1412 1286 praeterea
1440 1220 1597 1268 foedus
1622 1222 1843 1268 interve-

408 1321 431 1343 ·
466 1301 597 1349 nisae
620 1319 631 1349 t
657 1301 721 1348 ad
745 1300 845 1349 hoc
871 1311 1092 1348 metuere
1110 1316 1200 1361 ne,
1219 1299 1356 1347 fluxa
1383 1299 1482 1347 fide
1508 1316 1653 1359 usus,
1676 1316 1845 1363 popu-

406 1400 428 1421 «
465 1380 646 1427 larium
664 1382 861 1428 animos
878 1390 1158 1438 avorteret3
1193 1379 1307 1443 quis
1334 1391 1383 1427 et
1400 1382 1433 1426 J
1437 1379 1654 1443 ugurtha
1671 1394 1842 1440 carus,

406 1477 428 1499 ι
464 1469 515 1505 et
545 1460 759 1506 Romani
795 1459 945 1506 invisi
981 1469 1123 1506 erant
1143 1481 1179 1505 n.
1213 1458 1444 1522 Denique
1470 1456 1650 1521 saepius
1676 1457 1840 1522 fatiga-

405 1546 519 1595 tus,
541 1536 721 1582 leniter
747 1546 797 1582 et
830 1553 892 1583 ex
926 1537 1190 1584 voluntate
1228 1536 1374 1584 sullae
1401 1537 1569 1584 omnia
1599 1553 1651 1584 se
1689 1536 1841 1584 factu-

402 1628 520 1660 rum
540 1614 809 1677 promittit.
834 1613 1070 1663 Ceterum
1089 1614 1152 1662 ad
1170 1616 1499 1663 simulandam
1526 1631 1693 1680 pacem
1707 1648 1724 1675 ‚
1757 1632 1843 1663 cu·

407 1692 490 1755 jus
513 1693 735 1742 Numida
749 1728 766 1754 ‚
795 1693 1015 1741 defessus
1033 1693 1168 1741 bello
1187 1727 1205 1754 .,
1220 1694 1582 1756 avidissumus,
1614 1711 1726 1759 quae
1747 1695 1843 1741 uti-

406 1772 471 1822 lia
481 1774 586 1821 visa
594 1775 817 1822 constitu
823 1775 1013 1822 uut.1ta
1021 1772 1457 1838 composito-dolo,
1476 1773 1838 1839 digrediuntur.

418 1880 424 1885 ·
481 1855 634 1903 cxn.
651 1856 732 1901 Aa·
759 1871 847 1901 rex
868 1864 1075 1917 postero
1095 1854 1176 1902 die
1195 1854 1437 1917 Asparem
1464 1887 1480 1914 .,
1494 1857 1526 1901 J
1529 1854 1759 1919 ugurthae
1778 1855 1844 1901 le·

409 1944 605 1997 gamm,
626 1932 844 1996 adpellat
862 1948 873 1978 ε
893 1955 913 1974 «
936 1933 1031 1979 sihi
1057 1948 1149 1995 per
1169 1931 1416 1979 Dabarem
1435 1948 1499 1979 ex
1516 1932 1647 1980 Sulla
1671 1934 1842 1996 cogni-

408 2033 430 2054 «
468 2023 577 2060 tum
595 2027 740 2076 posse
759 2011 1137 2059 conditionibus
1153 2011 1347 2059 bellum
1373 2011 1644 2075 componi:
1670 2028 1844 2074 quam-

408 2114 429 2135 «
468 2090 641 2138 obrem
659 2091 786 2154 regia
806 2092 885 2138 sui
902 2088 1202 2138 ‘sententiam
1223 2090 1508 2153 exquireret
1525 2111 1560 2137 υ.
1589 2091 1680 2138 Ille
1699 2090 1842 2138 laetua

407 2171 461 2217 in
481 2181 636 2217 castra
653 2171 685 2215 J
688 2169 921 2232 ugurthae
937 2170 1096 2217 venit.
1113 2169 1309 2217 Deinde
1323 2168 1386 2216 ab
1399 2168 1488 2217 illo
1505 2180 1684 2217 cuneta
1704 2170 1842 2218 edoc-

409 2259 518 2309 tus,
546 2259 814 2313 properato
832 2249 1034 2309 itinere,
1057 2259 1176 2312 post
1201 2248 1333 2296 diem
1354 2258 1588 2296 octavum
1617 2247 1746 2296 redit
1779 2248 1841 2295 ad

407 2328 669 2375 Bocchum
684 2360 700 2387 ‚
717 2325 785 2373 'et
810 2328 857 2374 ei
891 2327 1102 2376 nunciat
1116 2361 1133 2388 ‚
1159 2349 1180 2370 ι
1199 2327 1507 2390 Jugurtham
1535 2343 1718 2391 cupere
1736 2344 1843 2376 om-

405 2425 428 2446 «
465 2405 548 2450 nia
565 2419 678 2467 quae
706 2406 1104 2468 imperarentur,
1131 2404 1316 2464 facere3
1352 2407 1440 2453 aed
1476 2405 1632 2453 Mario
1656 2421 1841 2468 parum

405 2503 428 2524 α
463 2479 740 2540 confidere3
761 2483 887 2545 saepe
906 2493 1048 2530 antea
1068 2499 1199 2530 cum-
1212 2484 1596 2548 imperatoribus
1621 2486 1842 2533 romania

408 2582 429 2604 «
464 2573 637 2625 pacem
647 2558 954 2607 'conventam
974 2560 1160 2609 frustra
1179 2561 1349 2611 fuisse.
1365 2561 1599 2612 Ceterum
1613 2564 1655 2611 ai
1667 2564 1839 2612 ambo-

410 2662 431 2683 ·
467 2639 565 2687 hus
596 2637 886 2687 consultum
905 2649 955 2685 et
988 2650 1145 2688 ratam
1167 2658 1340 2705 pacem
1361 2638 1540 2703 vellet,
1559 2641 1695 2691 daret
1723 2660 1840 2706 ope·

412 2741 433 2761 ι
469 2734 576 2766 ram
595 2728 655 2765 ut
675 2716 778 2765 una
796 2717 859 2765 ab
887 2717 1124 2767 omnibus
1139 2752 1156 2781 ‚
1176 2723 1319 2785 quasi
1351 2720 1412 2768 de
1438 2737 1587 2785 pace,
1610 2722 1665 2768 in
1689 2722 1841 2770 collo·

411 2820 433 2842 ι
470 2798 649 2864 quium
697 2796 954 2845 veniretur
973 2816 988 2858 ;
1029 2799 1201 2865 ibique
1245 2800 1339 2848 sibi
1380 2801 1566 2849 Sullam
1615 2800 1843 2848 traderet.

411 2897 431 2921 α
469 2879 642 2941 Quum
678 2877 825 2927 talem
850 2878 1017 2927 virum
1050 2879 1107 2928 in
1128 2889 1428 2944 potestatem
1465 2878 1671 2928 haberet
1686 2911 1704 2941 ‚
1739 2878 1844 2927 fore
