2150 3650
810 339 1287 398 JUGURTHA.
1710 346 1777 408 93

347 461 369 488 ι
407 443 486 492 me
510 446 713 507 vivum,
739 445 819 493 sin
847 444 902 492 id
929 462 1110 511 parum
1131 444 1369 510 procedat
1384 476 1402 504 ‚
1436 453 1667 491 necatum
1685 439 1783 488 sibi

345 544 368 567 α
404 522 657 573 traderent
670 546 693 567 a
714 541 726 572 :
754 524 975 575 ceterum
991 525 1156 590 palam
1168 558 1185 586 ‚
1203 539 1315 589 quae
1339 539 1404 571 ex
1424 522 1692 571 voluntate
1706 519 1782 568 fo-

345 613 461 651 rent
472 635 491 663 ‚
506 604 610 669 regi
627 605 858 653 nunciati
873 605 1036 668 jubet.
1053 604 1247 652 Deinde
1263 606 1372 668 ipse
1388 603 1560 669 paucis
1579 600 1785 660 diebus,

346 683 546 732 intento
578 695 729 748 atque
752 685 939 734 infesto
967 684 1192 733 exercitu
1210 717 1228 744 .,
1253 685 1310 731 in
1340 681 1633 732 Numidiam
1664 694 1783 750 pro-

348 760 480 809 eedit
499 779 513 810 ε
531 762 623 812 ubi
638 797 656 825 ‚
679 775 858 814 contra
891 764 1011 812 belli
1041 764 1217 812 faciem
1233 796 1251 823 .,
1276 763 1477 826 tuguria
1510 762 1659 828 plena
1689 760 1784 807 ho-

347 839 572 905 minum,
593 861 775 909 pecora
795 846 1116 907 cultoresque
1134 845 1190 891 in
1217 844 1349 906 agris
1366 852 1507 889 erant
1525 859 1538 889 ι
1558 857 1621 888 ex
1640 839 1785 904 oppi-

345 919 422 968 dis
447 932 499 970 et
534 922 814 987 mapalibus
842 922 1066 988 praefeeti
1097 923 1227 985 regis
1247 920 1384 968 ehvii
1414 919 1753 984 procedebant
1770 949 1788 977 ‚

344 1002 503 1063 parati
523 1000 840 1049 frumentum
854 1003 988 1062 dare,
1008 1011 1347 1050 commeatum
1358 1009 1578 1063 portare,
1594 1007 1787 1061 postre-

345 1080 432 1125 ιιιὸ
449 1111 467 1138 .,
482 1080 649 1127 omnia
668 1091 783 1143 quae
798 1081 1191 1145 imperarentur,
1217 1079 1392 1127 facere.
1420 1077 1598 1142 Neque
1618 1074 1789 1122 Metel-

345 1157 426 1204 lus
442 1156 631 1205 idcirco
650 1156 820 1207 minias
837 1191 854 1218 ‚
868 1158 955 1206 sed
971 1157 1184 1222 pariter,
1209 1175 1266 1207 ac
1283 1158 1327 1206 si
1343 1157 1518 1206 hostes
1533 1155 1759 1203 adessent
1772 1184 1790 1213 .,

348 1237 550 1284 munito
576 1232 772 1301 agmine
793 1237 1021 1287 incedere
1039 1271 1056 1297 ‚
1083 1239 1180 1286 late
1201 1239 1466 1303 explorare
1491 1236 1660 1283 omnia
1672 1266 1690 1294 ‚
1706 1233 1788 1281 illa

345 1314 613 1364 deditionis
639 1317 778 1381 signa
805 1318 1027 1366 ostentui
1050 1318 1251 1366 credere
1268 1349 1288 1378 ‚
1311 1328 1363 1364 et
1386 1315 1582 1363 insidiis
1616 1313 1788 1361 locum

345 1404 549 1443 tentare.
571 1397 746 1459 Itaque
771 1397 879 1461 ipse
897 1412 1014 1446 cum
1040 1397 1289 1462 expeditis
1315 1395 1646 1454 cohortibus,
1663 1392 1786 1440 item

341 1473 658 1523 funditorum
693 1487 744 1523 et
774 1477 1147 1540 sagittariorum
1197 1475 1388 1525 delecti
1423 1489 1604 1535 manu,
1649 1470 1788 1537 apud

341 1554 535 1618 primos
565 1566 700 1615 ιιι-ιη
736 1557 791 1604 in
829 1567 1091 1621 postremo
1119 1558 1175 1607 C.
1211 1557 1404 1605 Marius
1442 1555 1634 1619 legatus
1665 1567 1786 1601 cum

340 1634 595 1697 equitibus
634 1636 841 1683 curabat
868 1654 880 1684 :
916 1638 974 1684 in
1012 1648 1289 1700 utrumque
1322 1637 1456 1684 latus
1491 1633 1784 1683 auxiliarios

342 1715 534 1776 equites
551 1714 766 1762 tribunis
779 1716 1036 1778 legionum
1055 1727 1106 1763 et
1121 1716 1367 1779 praefectis
1382 1716 1670 1762 cohortium
1686 1712 1783 1758 dis·

340 1792 610 1854 pertiverat
626 1822 645 1850 9
661 1792 737 1839 uti
762 1808 880 1839 cum
898 1791 981 1839 his
995 1794 1235 1855 permixti
1250 1794 1421 1841 velites
1432 1824 1449 1852 ‚
1462 1792 1780 1854 quicumque

344 1869 632 1918 accederent
645 1903 663 1930 ‚
702 1872 957 1933 equitatus
989 1870 1216 1918 hostium
1253 1871 1625 1935 propulsarent.
1650 1869 1783 1916 Nam
1877 1889 1884 1895 ·

340 1949 395 1997 in
420 1951 455 1995 J
458 1945 678 2012 ugurthi
696 1959 867 1996 tantus
886 1949 1063 2010 dolus,
1086 1959 1324 2014 tantaque
1347 1950 1525 2014 peritia
1549 1949 1784 1995 locorum

341 2038 393 2075 et
416 2027 603 2075 militine
627 2037 732 2073 erat
749 2058 768 2087 ‚
784 2027 891 2086 uti,
916 2028 1122 2090 absens,
1143 2044 1208 2076 an
1227 2042 1472 2092 praesens,
1494 2042 1696 2091 pacem,
1717 2040 1782 2073 an

340 2105 530 2154 bellum
554 2120 761 2169 gerens,
782 2106 1119 2174 perniciosior
1142 2118 1270 2155 esset
1288 2140 1304 2169 ‚
1332 2109 1388 2154 in
1412 2107 1606 2154 incerto
1630 2104 1781 2152 habe-

342 2195 496 2234 retur.

410 2266 611 2314 van.
650 2265 791 2315 Eur
807 2265 948 2317 haud
966 2265 1119 2332 longe
1138 2266 1200 2313 ab
1227 2283 1292 2316 eo
1311 2267 1516 2327 itinere,
1542 2267 1648 2329 quo
1668 2266 1783 2312 'Me-

340 2345 485 2395 tellus
502 2345 767 2412 pergebat,
787 2346 1034 2412 oppidum
1053 2347 1391 2398 Numidarum
1401 2380 1418 2408 .,
1435 2345 1642 2396 nomine
1658 2346 1781 2393 Vac-

337 2441 392 2473 ca
409 2458 427 2486 ‚
452 2424 622 2474 forum
640 2441 810 2475 rerum
832 2427 1086 2476 venalium
1106 2430 1264 2477 totius
1283 2427 1423 2493 regni
1449 2425 1681 2476 maxume
1700 2441 1779 2475 ce·

336 2504 619 2565 lebratum3
645 2505 736 2554 ubi
760 2517 812 2554 et
845 2507 1061 2556 incolere
1074 2542 1092 2570 .‚
1114 2519 1165 2556 et
1190 2507 1397 2557 mercari
1417 2516 1781 2556 consueverant

335 2584 488 2633 italici
521 2586 716 2648 generis
757 2586 923 2637 multi,
940 2588 1192 2636 mortales.
1230 2589 1346 2636 Huc
1380 2589 1560 2637 consul
1574 2621 1592 2650 .,
1626 2585 1779 2635 simul

337 2662 565 2712 tentandi
582 2662 762 2728 graui,
780 2665 822 2714 si
838 2676 1067 2730 paterent
1086 2667 1491 2733 opportunitates
1508 2667 1637 2728 loci,
1652 2681 1777 2731 prae-

335 2741 520 2791 sidium
539 2744 785 2809 imposuit
802 2761 818 2804 ;
834 2737 1067 2809 praeterea
1085 2747 1350 2811 imperavit
1367 2746 1708 2804 frumentum,
1726 2753 1778 2791 et

336 2821 429 2869 alia
446 2856 464 2883 ,
487 2839 599 2886 quae
614 2824 750 2874 bello
777 2824 894 2873 usui
909 2823 1077 2873 forent
1097 2842 1109 2873 ε
1134 2836 1272 2874 ratus
1296 2826 1351 2873 id
1367 2859 1386 2888 ‚
1403 2826 1545 2891 quod
1562 2840 1639 2873 res
1664 2837 1774 2870 mo-

335 2899 511 2961 nebat,
537 2900 867 2967 frequentiam
887 2906 1260 2969 negotiatorum
1278 2917 1329 2955 et
1347 2913 1682 2955 commeatum
1693 2898 1777 2963 ju·
