2150 3650
1081 135 1102 154 X

371 263 468 311 140
644 258 702 306 C.
741 258 1015 307 CRISPI
1067 258 1506 307 SALLUSTII

362 363 560 417 gerant,
576 352 868 401 cohortatus
887 369 1032 414 suos,
1053 356 1314 403 turmatim
1332 367 1382 403 et
1401 354 1549 419 quam
1566 355 1804 405 maxume

363 433 597 481 confertis
616 434 757 497 equis
783 434 890 496 ipse
907 433 1093 497 aliique
1122 436 1328 482 Mauros
1347 436 1622 483 invadunt:
1651 437 1806 488 ceteri

361 510 416 558 in
441 511 553 560 loco
573 522 828 560 manentes
853 512 916 559 ab
944 514 1121 577 jaculis
1150 515 1346 562 eminus
1371 515 1570 563 emissis.
1588 531 1803 579 corpora

362 600 546 654 tegere,
580 602 656 652 et,
686 593 727 639 si
760 593 851 655 qui
882 593 938 639 in
981 609 1159 642 manus
1186 606 1456 655 venerant,
1482 595 1799 643 obtruncare.

356 670 492 717 Dum
512 686 571 717 eo
592 671 746 719 modo
766 672 958 736 equites
975 672 1273 737 proeliantur
1286 706 1303 734 ‚
1323 674 1555 722 Bocchus
1574 690 1693 722 cum
1712 691 1800 739 pe·

357 747 571 811 ditibus,
596 766 724 814 quos
751 751 923 799 Volux
944 750 1082 799 filius
1099 753 1208 815 ejus
1229 754 1507 801 adduxerat
1520 789 1535 814 ‚
1555 771 1723 818 neque
1744 756 1800 802 iu

358 828 524 893 priore
550 830 750 896 pugna,
771 831 827 879 iu
856 831 1035 881 itinere
1052 833 1263 894 morati,
1280 832 1580 894 adfuerant,
1607 844 1800 897 postre-

358 925 489 955 mam
535 913 882 959 Romanorum
929 913 1083 960 aciem
1124 912 1389 961 invadunt.
1431 913 1565 961 Tum
1605 913 1800 961 Marius

357 987 493 1052 apud
510 990 702 1052 primos
724 990 927 1055 agebat,
953 991 1094 1054 quod
1114 991 1185 1038 ibi
1218 991 1473 1055 Iugurtha
1492 1008 1611 1040 cum
1636 993 1793 1057 pluri·

359 1067 468 1115 mis.
502 1070 633 1117 Dein
660 1069 911 1130 Numida,
942 1071 1145 1133 cognito
1170 1071 1359 1119 Bocchi
1385 1072 1639 1133 adventu,
1670 1072 1796 1119 clam

358 1162 476 1195 cum
501 1150 672 1212 paucis
699 1148 763 1195 ad
788 1149 983 1214 pedites
1006 1151 1263 1199 convertit
1301 1167 1313 1197 z
1350 1151 1423 1199 ibi
1457 1151 1609 1199 latine
1641 1152 1798 1213 (nam

358 1225 492 1289 apud
513 1227 835 1275 Numantiam
862 1228 1007 1292 loqui
1032 1228 1309 1294 didicerat)
1346 1231 1582 1278 exclamat
1602 1246 1614 1275 z
1633 1251 1655 1272 ιι
1675 1247 1796 1278 nos·

358 1325 379 1348 α
418 1316 523 1353 tros
548 1305 729 1354 frustra
750 1323 972 1372 pugnare
992 1308 1198 1372 ;paullo
1217 1319 1331 1356 ante
1351 1310 1567 1357 Marium
1586 1308 1676 1356 sua
1696 1326 1799 1356 ma·

358 1405 380 1427 ι
418 1400 492 1431 uu
510 1386 830 1433 interfectum
847 1404 894 1444 »3
913 1387 1065 1435 simul
1077 1387 1302 1452 gladium
1319 1389 1562 1453 sanguine
1581 1388 1797 1437 oblitum

358 1463 646 1523 ostendere,
665 1481 813 1526 quem
842 1465 900 1510 in
925 1466 1123 1528 pugna,
1150 1467 1267 1515 satis
1284 1468 1498 1531 impigre
1516 1469 1682 1516 occiso
1709 1485 1794 1532 pe-

359 1540 459 1588 dite
479 1553 655 1589 nostro
675 1574 692 1603 ‚
713 1554 1073 1590 cruentaverat.
1106 1546 1266 1606 Quod
1289 1546 1375 1594 ubi
1397 1548 1580 1596 milites
1601 1562 1797 1611 accepo-

357 1635 436 1679 re,
466 1620 619 1685 magis
640 1623 897 1669 atrocitate
917 1623 1017 1683 rei,
1036 1623 1189 1688 quam
1205 1623 1305 1673 fide
1323 1628 1500 1676 nuncii
1520 1637 1796 1675 terrentur:

355 1699 602 1764 simulque
652 1699 849 1749 barbari
892 1703 1089 1750 animos
1136 1704 1307 1752 tollere
1348 1718 1398 1754 et
1442 1707 1498 1753 iu
1539 1705 1796 1771 perculsos

355 1778 517 1830 acrius
534 1781 774 1830 incedere.
807 1784 1023 1847 Jamque
1056 1783 1284 1848 paullum
1315 1784 1376 1833 ab
1404 1784 1523 1850 fuga
1559 1784 1797 1847 aberant,

356 1878 515 1927 quum
537 1861 668 1909 Sulla
683 1894 699 1921 ‚
716 1862 845 1924 profl
864 1863 1016 1925 gatis,
1036 1881 1166 1928 quos
1184 1863 1455 1913 advorsum
1481 1866 1630 1926 ierat,
1651 1867 1797 1913 Mau·

354 1943 422 1989 ris
441 1942 501 1989 ab
521 1941 669 1989 latere
694 1941 924 1990 incurrit.
961 1943 1196 1991 Bocchus
1225 1944 1394 1991 statim
1421 1945 1683 1992 avortitur.
1722 1943 1800 1992 At

355 2023 389 2068 J
393 2021 611 2085 ugurtha
634 2055 650 2081 5
671 2020 793 2069 dum
821 2032 1099 2070 sustentare
1128 2039 1246 2071 suos
1281 2034 1332 2070 et
1351 2024 1509 2088 prope
1527 2023 1626 2086 jam
1644 2023 1800 2087 adep-

355 2110 458 2147 tam
475 2101 732 2149 victoriam
753 2101 965 2148 retinere
982 2101 1125 2166 cupit
1137 2136 1153 2162 5
1172 2102 1548 2150 circumventus
1564 2103 1627 2150 ab
1654 2102 1798 2166 equi-

355 2178 519 2241 tibus,
546 2178 719 2229 dextra
738 2212 755 2239 ‚
776 2179 971 2247 sinistra
1005 2181 1242 2229 omnibus
1261 2182 1464 2240 occisis,
1495 2181 1633 2229 solus
1664 2182 1797 2229 inter

361 2259 456 2307 tela
497 2259 724 2308 hostium
759 2259 1067 2310 vitabundus
1104 2262 1337 2324 erumpit.
1380 2262 1549 2327 Atque
1592 2261 1798 2308 interim

353 2338 546 2385 Marius
562 2371 580 2398 ‚
616 2338 795 2399 fugatis
839 2339 1125 2401 equitibus,
1159 2340 1379 2387 occurrit
1422 2338 1613 2387 auxilio
1654 2340 1760 2386 sm's
1781 2370 1800 2400 ‚

359 2430 488 2479 quos
514 2415 628 2478 pelli
661 2415 759 2475 jam
794 2428 1059 2479 acceperat.
1098 2419 1330 2481 Denique
1364 2419 1537 2468 hostes
1567 2417 1796 2479 undique

356 2492 473 2540 fusi.
495 2494 626 2539 Tum
647 2494 983 2555 spectaculum
1007 2496 1246 2544 horribile
1265 2497 1453 2562 campis
1475 2496 1789 2562 patentibus:

358 2570 526 2634 sequi,
566 2571 768 2634 fugere3
800 2572 958 2626 occidi
977 2607 994 2632 ‚
1017 2575 1153 2638 capi3
1190 2578 1339 2640 equi,
1368 2578 1461 2632 viri
1493 2576 1660 2624 adflict
1688 2593 1703 2634 ;
1742 2590 1799 2622 ac

358 2649 529 2709 multi,
547 2649 835 2698 volneribus
864 2653 1101 2716 acceptis,
1123 2671 1284 2718 neque
1311 2656 1484 2720 fugere
1502 2672 1675 2719 posse,
1701 2670 1790 2702 ue-

358 2746 459 2794 que
478 2731 694 2793 quietem
716 2729 853 2793 pati3
882 2732 976 2779 uiti
1011 2733 1191 2795 modo,
1219 2751 1273 2782 ac
1309 2737 1476 2783 statim
1505 2734 1794 2785 concidere:

357 2811 615 2874 postremo
635 2812 829 2872 omnia,
848 2810 947 2878 qua
966 2814 1105 2868 visus,
1125 2826 1227 2865 erat
1240 2847 1258 2877 ‚
1277 2826 1527 2864 constrata
1556 2813 1691 2873 telis,
1717 2828 1797 2863 ar·
