2150 3650
376 381 437 426 16
663 382 717 429 C.
754 381 1034 430 CRISPI
1082 383 1526 434 SALLUSTII

361 475 510 522 armis
536 486 790 539 peterent,
817 478 941 542 quid
962 480 1150 543 ubique
1177 483 1287 545 opis
1306 493 1394 531 aut
1422 484 1528 547 spei
1544 480 1802 531 haberent.

344 555 494 611 Tum
517 554 722 603 Catilina
742 558 962 621 polliceri
982 559 1173 606 tabulas
1192 576 1375 621 novas,
1387 561 1805 625 proscriptionem

351 632 717 695 locupletium,
746 638 1088 701 magistratus,
1126 640 1427 700 sacerdotia,
1456 642 1680 704 rapinas,
1714 639 1806 686 alia

352 712 530 757 omnia
550 730 663 775 quae
678 714 865 763 bellum
886 727 1036 781 atque
1061 717 1243 766 lubido
1261 720 1513 768 victorum
1535 719 1646 766 fert.
1676 719 1805 763 Prae-

360 798 492 837 terea
516 807 621 840 esse
644 794 700 841 in
726 794 961 859 Hispania
988 799 1219 844 citeriore
1248 798 1483 846 Pisonem
1501 831 1517 857 ,
1538 800 1593 845 in
1618 796 1805 843 Mauri-

347 869 493 919 ‚tania
519 887 635 919 cum
664 876 884 922 exercitu
919 879 977 923 Ρ.4
1001 877 1205 924 Sittium
1239 877 1579 937 Nucerinum,
1610 874 1804 923 consilii

353 950 440 995 -sui
479 952 783 1015 participes:
826 965 997 1018 petere
1036 955 1353 1004 consulatum
1397 955 1452 1002 C.
1492 954 1811 1014 Antonium,

350 1044 515 1090 „quem
541 1029 636 1078 sibi
659 1033 894 1096 collegam
917 1033 1023 1082 fore
1046 1045 1295 1098 speraret,
1313 1033 1569 1085 hominem
1596 1045 1645 1080 et
1668 1032 1805 1079 fami·

359 1106 559 1170 liarem,
581 1112 887 1160 et-omnibus
907 1114 1360 1161 necessitudinibus
1380 1114 1804 1160 circumventum:

360 1202 478 1234 cum
520 1204 581 1236 eo
607 1191 864 1237 consulem
892 1207 943 1237 se
968 1192 1173 1238 initium
1207 1191 1383 1254 agendi
1419 1191 1688 1238 facturum.
1722 1188 1805 1236 Ad

360 1264 460 1313 hoc
475 1266 747 1317 maledictis
764 1268 988 1331 increpat
1007 1270 1170 1314 omnis
1184 1268 1346 1315 bonos
1368 1285 1382 1314 τ
1395 1285 1604 1315 suorum
1619 1286 1802 1316 unum-

352 1360 613 1407 quemque
639 1347 905 1394 nominans
924 1345 1156 1403 laudare3
1179 1344 1479 1394 admonebat
1496 1348 1650 1394 alium
1672 1364 1804 1410 eges-

349 1423 504 1479 ·tatis,
527 1423 682 1469 alium
709 1424 1001 1486 cupiditatis
1021 1440 1149 1481 suae,
1175 1424 1459 1486 complures
1481 1426 1687 1486 periculi
1715 1435 1805 1471 au't

358 1500 670 1562 ignominiae,
698 1503 883 1548 multos
903 1502 1122 1548 victoriae
1140 1501 1365 1560 sullanae,
1392 1501 1576 1565 quibus
1604 1517 1656 1548 ea
1676 1514 1801 1565 prae-

350 1579 439 1625 ·dae
465 1578 644 1626 suerat.
671 1582 944 1642 Postquam
974 1581 1202 1627 omnium
1224 1581 1416 1628 animos
1441 1580 1611 1628 alacris
1638 1581 1807 1642 videt,

360 1658 655 1704 cohortatus
682 1669 739 1705 ut
767 1660 1063 1721 petitionem
1092 1674 1230 1705 suam
1258 1675 1388 1707 curae
1406 1659 1666 1721 haberent,
1683 1656 1802 1708 coit·

362 1747 574 1783 ventum
602 1737 808 1785 dimisit.
1773 1751 1777 1755 '

373 1855 379 1862 .
433 1819 596 1865 xxn.
620 1821 814 1879 Funis,
848 1817 900 1867 ea
929 1829 1252 1884 tempestate,
1277 1821 1365 1883 qui
1394 1771 1616 1868 dicerent
1638 1818 1804 1868 Catili-

302 1910 310 1962 3
350 1912 476 1944 mam
490 1929 507 1956 ,
534 1915 617 1946 ora
624 1898 756 1947 tione
765 1899 932 1947 habita
942 1931 959 1958 ,
974 1916 1135 1963 quum
1145 1899 1242 1947 ad
1226 1917 1322 1962 JusJ
1313 1900 1575 1947 urandum
1598 1899 1805 1961 popula·

361 1977 431 2023 ris
449 1978 644 2026 sceleris
662 1981 746 2038 ⁸sui
771 1980 1243 2045 adigeret,·humani
1261 1979 1483 2042 corporis
1510 1978 1803 2040 sanguinem

310 2063 321 2118 ζ
361 2056 484 2108 vino
509 2057 815 2120 permixtum
830 2061 884 2107 in
906 2061 1088 2123 pateris
1106 2059 1492 2116 circumtulisse3
1508 2057 1622 2104 inde
1642 2071 1802 2120 quum

317 2133 325 2200 ξ
364 2149 480 2198 post
503 2140 887 2186 exsecrationem
913 2155 1088 2186 omnes
1122 2139 1540 2201 degustavissent,
1568 2136 1720 2183 sicuti
1746 2135 1802 2182 in

315 2211 322 2268 Ξ
365 2216 690 2264 sollemnibus
718 2219 867 2264 sacris
899 2215 1007 2263 fieri
1045 2217 1336 2273 consuevit,
1361 2216 1612 2277 aperuisse
1639 2213 1802 2260 consi‘-

312 3041 365 3122 ΐι
405 3075 555 3110 Masta„
600 3079 735 3114 C'Wx
771 3076 1146 3118 ΡυζμζθἻη-ννᾪ
1213 3091 1276 3110 ⁴⁹⁴·

332 3135 365 3154 ρι’

330 3139 387 3216 'J

274 3311 333 3352 st·
412 3323 415 3330 '

362 2294 488 2341 lium
513 2311 691 2354 suum,
717 2306 866 2357 atque
894 2296 953 2341 eo
981 2295 1210 2340 dictitare
1232 2293 1401 2339 fecisse
1418 2324 1434 2351 ,
1460 2294 1564 2355 quo
1589 2294 1721 2339 inter
1748 2309 1802 2339 se

366 2372 455 2419 fidi
485 2375 637 2436 magis
678 2373 869 2432 forent,
904 2373 1028 2420 alius
1068 2373 1149 2418 alii
1177 2371 1301 2418 tanti
1340 2370 1570 2418 facinoris
1599 2371 1801 2419 conscii.

362 2452 607 2500 Nonnulli
636 2450 749 2498 ficta
776 2452 879 2498 haec
898 2483 915 2509 ,
943 2451 1099 2498 multa
1133 2461 1393 2513 praeterea,
1434 2450 1802 2498 existumabant

363 2531 424 2578 ab
456 2532 515 2576 iis
543 2532 633 2594 qui
666 2531 916 2578 Ciceronis
940 2529 1204 2588 invidiam,
1233 2545 1343 2591 quae
1365 2540 1535 2592 postea
1564 2541 1670 2577 orta
1692 2539 1765 2575 est
1785 2561 1802 2589 ,

356 2611 506 2657 leniri
532 2609 797 2656 eredebant
822 2610 1081 2656 atrocitate
1110 2609 1303 2655 sceleris
1330 2624 1505 2656 eorum
1525 2610 1613 2672 qui
1633 2624 1802 2671 poenas

362 2690 621 2738 dederant.
644 2689 805 2737 Nobis
823 2705 878 2736 ea
896 2703 975 2735 res
996 2705 1092 2752 pro
1111 2687 1451 2752 magnitudine
1467 2704 1648 2750 parum
1667 2703 1803 2734 com-

366 2784 506 2834 perta
531 2781 619 2817 est.
1337 2774 1369 2782 ''
1693 2775 1700 2780 “

362 2873 375 2898 s
437 2850 621 2897 xxm.
663 2850 765 2894 Sto
804 2848 858 2894 in
897 2846 953 2894 eit
986 2847 1319 2894 conventione
1359 2846 1456 2891 fuit
1486 2846 1560 2904 Q:
1590 2845 1770 2892 Curius
1786 2879 1803 2907 ‚

363 2940 514 2978 natus
531 2927 670 2980 haud
690 2926 907 2977 obscuro
934 2927 1077 2987 loco,
1106 2925 1303 2989 flagitiis
1321 2934 1470 2988 atque
1498 2922 1801 2973 facinoribus

368 3067 375 3074 ”
430 3003 501 3075 s
1123 3047 1151 3082 ’ί
1175 3063 1180 3066 ’
1257 3047 1304 3088 s
1327 3016 1508 3102 ..fak-l·
1529 3070 1568 3102 1⁴⁸:
1603 3023 1748 3102 ἶῬὲ-*εὼ
