2150 3650
379 341 443 374 n
669 322 726 370 C.
763 322 1041 370 CRISPI
1087 321 1530 374 SALLUSTII

375 419 567 469 hortari
603 416 724 466 alios
738 451 756 478 ,
787 418 911 465 alios
940 429 1155 470 tentaret
1190 435 1312 486 opes
1346 438 1484 483 snas,
1513 423 1806 489 impu-stam

374 492 759 561 rempublicam,
793 511 970 560 magns
994 499 1193 561 praemis
1225 499 1586 562 conjurationis
1613 503 1805 554 docere.

373 575 474 625 Ubi
510 575 625 623 satis
652 574 908 639 explorata
930 587 1050 624 sunt
1074 593 1185 640 quae
1211 578 1403 639 voluit,
1423 581 1480 628 in
1508 597 1670 629 unum
1702 598 1806 632 om·

372 657 450 731 nis
475 664 720 703 convocat
749 653 935 717 quibus
971 671 1204 704 maxuma
1229 659 1544 707 necessitudo
1573 672 1623 709 et
1646 662 1803 726 pluri-

371 731 513 783 mum
552 731 781 781 audaciae.
822 734 895 781 Εὐ
932 749 1211 782 convenere
1249 739 1483 787 senatorii
1527 741 1717 788 ordinis
1744 744 1799 789 P.

278 844 285 849 -
368 814 613 863 Lentulus
640 813 791 872 Sura,
807 813 862 861 P.
889 812 1171 861 Autronius
1188 847 1206 874 ,
1232 816 1289 862 L.
1308 817 1503 864 Cassius
1524 820 1801 881 Longinus,

368 894 444 942 C.·
465 892 745 956 Cethegus,
775 894 830 939 Ρ.
870 901 920 940 et
965 893 1167 940 Servius
1207 893 1553 944 Sullae·Servii
1587 895 1707 957 filii,
1739 901 1798 946 1..

364 971 728 1036 Vargunteius,
754 972 821 1032 Q.
840 970 1041 1019 Annius
1055 1004 1072 1032 ,
1095 972 1167 1019 M.
1184 974 1391 1021 Porcius
1414 976 1578 1036 Laeea,
1602 976 1659 1023 L.
1679 979 1795 1024 Bes-

364 1053 462 1114 tia,
486 1052 550 1113 Q.
579 1050 783 1117 Curius:
809 1062 1045 1114 praeterea
1064 1067 1128 1099 ex
1147 1053 1366 1115 equestri
1394 1054 1570 1101 ordine
1588 1055 1665 1102 M.
1682 1052 1791 1101 Ful-

362 1133 477 1181 vius
496 1128 729 1178 Nobilior
746 1161 763 1188 ,
787 1130 843 1176 L.
872 1130 1094 1179 statilius
1111 1162 1129 1189 ,
1153 1133 1207 1185 R.
1240 1132 1482 1180 Gabinius
1503 1132 1711 1194 Capito,
1736 1132 1793 1180 C.

362 1209 629 1262 Cornelius
649 1224 661 1254 τ
686 1206 750 1254 ad
773 1207 873 1253 hoc
897 1206 1047 1254 multi
1083 1223 1147 1253 ex
1169 1207 1379 1255 coloniis
1407 1219 1459 1256 et
1489 1210 1792 1274 municipiis,

363 1290 503 1339 domi
534 1285 745 1335 nobiles.
769 1286 924 1332 Erant
941 1295 1176 1353 praeterea
1196 1287 1481 1349 complures
1512 1288 1681 1351 paullo
1710 1304 1792 1336 oc-

360 1364 544 1417 cultius
596 1363 789 1411 consilii
822 1363 1035 1424 hujusce
1072 1364 1335 1426 participes
1390 1365 1583 1413 nobiles
1601 1399 1618 1425 ,
1661 1382 1791 1429 quos

361 1446 514 1510 magis
551 1441 906 1491 dominationis
941 1457 1051 1505 spes
1076 1441 1373 1490 hortabatur
1399 1442 1551 1506 quiam
1589 1444 1760 1509 inopia
1773 1476 1793 1504 ,

359 1536 449 1579 ,aut
485 1523 578 1570 alia
608 1519 940 1568 necessitudo.
968 1517 1205 1567 Ceterum
1241 1519 1480 1583 juventus
1516 1523 1755 1586 pleraque
1770 1556 1791 1585 ‚

359 1604 448 1652 sed
484 1598 717 1649 maxume
754 1597 1031 1660 nobilium,
1068 1599 1289 1648 Catilinae
1330 1601 1542 1665 inceptis
1576 1601 1793 1650 favebat.

359 1682 562 1746 Quibus
598 1679 654 1726 in
689 1678 795 1726 otio
832 1678 911 1726 vel
963 1676 1222 1742 magnifice
1255 1680 1339 1728 vel
1373 1680 1587 1729 molliter
1621 1682 1787 1729 vivere

353 1762 498 1828 copis
523 1769 626 1808 erat
642 1790 660 1819 ,
684 1758 871 1805 incerta
892 1773 989 1823 pro
1025 1757 1197 1819 certis,
1218 1756 1405 1809 bellum
1441 1759 1592 1822 quam
1616 1774 1787 1823 pacem

357 1841 618 1892 malebant.
655 1842 810 1886 Fuere
841 1838 963 1885 item
995 1837 1051 1885 ei
1087 1848 1378 1901 tempestate
1404 1838 1783 1901 quierederent

352 1924 428 1971 M.
465 1919 715 1969 Licinium
759 1917 991 1965 Crassum
1027 1932 1135 1965 non
1174 1917 1403 1979 ignarum
1441 1915 1549 1977 ejus
1588 1915 1786 1963 consilii

352 2002 531 2059 fuisse3
556 1998 674 2063 quia
714 1997 806 2045 Cn.
845 1995 1142 2060 Pompeius,
1173 1996 1365 2047 invisus
1388 1994 1516 2058 ipsi,
1545 2009 1781 2060 magnum

352 2081 628 2129 exercitum
664 2074 921 2135 ductabat3
958 2074 1181 2136 cujusvis
1209 2090 1329 2138 opes
1363 2074 1582 2122 voluisse
1607 2085 1781 2123 contra

348 2160 481 2213 illius
499 2156 774 2221 potentiam
792 2167 1039 2201 crescere:
1065 2153 1216 2199 simul
1240 2150 1515 2210 confisum,
1537 2153 1580 2198 si
1606 2152 1780 2215 conju-

351 2237 478 2286 r'atio
504 2234 761 2285 valuisset,
788 2230 928 2278 facile
948 2230 1084 2293 apud
1109 2229 1221 2277 illos
1241 2229 1519 2292 principem
1544 2245 1596 2276 se
1619 2228 1742 2277 fore.

419 2313 604 2362 xvm.
639 2311 741 2357 Ssn
767 2319 909 2356 antea
938 2308 1058 2354 item
1085 2307 1408 2367 conjuravere
1431 2308 1580 2371 pauci
1603 2319 1779 2359 contra

251 2433 257 2437 .
347 2377 739 2456 rempublicam,
773 2387 829 2434 in
870 2385 1057 2449 quibus
1099 2384 1323 2435 Catilina.
1367 2387 1442 2433 De
1487 2402 1591 2451 quo
1626 2387 1779 2451 quim

347 2469 616 2521 verissume
638 2475 818 2532 potero
851 2464 1023 2511 dicam.
1060 2466 1115 2511 L.
1141 2464 1315 2523 Tullo,
1339 2467 1410 2513 M.
1443 2466 1630 2529 Lepido
1656 2484 1778 2515 cou-

348 2549 570 2608 sulibus,
593 2550 649 2595 P.
683 2542 965 2596 Autronius
981 2553 1033 2590 et
1055 2546 1111 2592 Ρ.
1141 2543 1303 2605 Sulla,
1327 2543 1568 2609 designati
1596 2561 1776 2594 consu-

347 2632 443 2691 les,
453 2627 646 2693 legibus
663 2620 880 2672 ambitus
897 2622 1187 2689 interrogati
1204 2639 1373 2687 poenss
1388 2623 1639 2673 dederant.
1653 2628 1776 2673 Post

348 2709 516 2777 paullo
552 2704 761 2755 Catilina
773 2736 792 2764 ,
830 2701 1158 2767 pecuniarum
1195 2702 1590 2766 repetundarum
1624 2717 1739 2750 reus
1752 2732 1770 2760 ‚

346 2787 633 2857 prohibitus
662 2794 766 2831 erat
800 2780 1116 2836 consulatum
1148 2793 1348 2846 petere;
1382 2782 1522 2846 quod
1545 2783 1676 2829 intra
1698 2779 1767 2828 le·

346 2870 548 2940 gitimos
580 2864 688 2916 diu
710 2860 936 2930 profiteri
968 2862 1267 2926 nequiverit,
1298 2863 1413 2909 Erat
1437 2860 1613 2912 eodem
1647 2871 1770 2910 tem.

1973 400 1988 503 ἲ.

1997 564 2009 587 π

2003 610 2010 651 Ι
