2150 3650
562 458 666 552 C.
733 455 840 555 C·
898 454 1621 544 SALLUSTII

426 658 886 728 -BELLUM
929 606 1730 776 JU‘G‘URTHINUM.

379 998 424 1060 1.'
447 975 518 1060 F
530 1012 680 1061 nuso
699 1010 929 1075 queritur
946 1010 1009 1058 de
1026 1007 1207 1058 natura
1224 1006 1313 1057 sua
1337 1008 1824 1082 genushumanum,

382 1090 550 1153 quod,
574 1089 818 1138 imbecilla
834 1098 986 1153 atque
1004 1090 1096 1137 aevi
1113 1089 1304 1148 brevis,
1323 1097 1455 1135 sorte
1475 1086 1647 1151 potius
1669 1087 1821 1152 quam

384 1168 572 1217 virtute
589 1178 801 1233 regatur.
815 1170 942 1218 Nam
955 1167 1146 1228 contra,
1165 1166 1465 1232 reputando,
1482 1183 1645 1231 neque
1664 1167 1824 1229 majus

381 1246 517 1295 aliud
544 1263 709 1312 neque
733 1246 1060 1313 praestabilius
1076 1247 1329 1307 invenias,
1348 1248 1603 1310 magisque
1632 1257 1825 1294 naturae

380 1322 678 1374 industriam
699 1326 992 1388 hominm,
1018 1326 1170 1392 quam
1187 1327 1291 1374 vim
1310 1336 1399 1374 aut
1422 1337 1622 1389 tempus
1643 1326 1826 1373 deesse.

383 1404 483 1455 sed
501 1405 607 1454 dux
625 1417 772 1471 atque
789 1408 1060 1471 imperator
1073 1406 1189 1454 vitae
1206 1404 1492 1453 mortalium
1512 1405 1709 1473 animus
1722 1414 1825 1465 est3

381 1486 498 1550 qui,
535 1484 626 1533 ubi
654 1486 719 1533 ad
744 1485 952 1550 gloriam
977 1485 1183 1533 virtutis
1210 1484 1290 1533 via
1317 1495 1589 1550 grassatur,
1624 1484 1826 1534 abunde

381 1564 574 1629 pollens
591 1575 873 1630 potensque
891 1575 942 1612 et
957 1564 1117 1613 clarus
1132 1574 1234 1624 est,
1257 1581 1423 1631 neque
1444 1564 1660 1613 fortunae
1679 1575 1789 1630 eget
1810 1581 1824 1611 ε

380 1644 584 1711 quippe‘
599 1645 901 1709 probitatem
915 1676 933 1707 ‚
964 1644 1293 1706 industriam,
1333 1645 1447 1693 alias
1479 1645 1598 1693 artis
1629 1644 1789 1693 bonas
1807 1676 1826 1704 ‚

383 1736 549 1788 neque
579 1723 693 1772 dare
719 1736 883 1788 neque
901 1725 1092 1787 eripere
1116 1735 1299 1789 potest.
1340 1708 1633 1789 Sin⁰captus
1659 1714 1828 1788 praris

387 1800 710 1865 cupidinibus
742 1801 807 1849 ad
835 1801 1065 1848 inertiam
1088 1811 1138 1847 et
1157 1800 1439 1863 voluptates
1472 1801 1698 1864 corporis
1716 1817 1827 1864 pes-

387 1895 501 1928 sum
527 1880 674 1929 datus
700 1890 801 1940 est,
817 1878 1095 1944 perniciosa
1126 1878 1353 1927 lubidine
1381 1879 1651 1943 paullisper
1674 1895 1838 1927 usus-
1822 1915 1839 1939 ‚

387 1958 479 2007 ubi
496 1973 586 2021 per
607 1959 881 2007 secordiam
907 1959 1065 2017 vires,
1087 1968 1315 2021 tempus,
1331 1958 1590 2021 ingenium
1610 1958 1832 2008 defluxe-

390 2051 472 2095 re,
495 2046 685 2082 naturae
715 2034 976 2082 iufirmitas
1007 2045 1301 2083 accusatur:
1328 2050 1466 2082 suam
1486 2036 1701 2098 quisque
1726 2038 1831 2085 cul-

391 2128 510 2178 pam
529 2123 756 2160 auctores
776 2113 839 2159 ad
857 2115 1056 2176 negotia
1077 2112 1397 2161 transferunt.
1420 2111 1574 2175 Quod
1602 2115 1645 2161 si
1672 2115 1835 2165 homi·

392 2192 546 2242 nibus
567 2191 817 2240 bonarum
838 2208 1005 2240 rerum
1029 2202 1164 2239 tanta
1185 2208 1303 2242 cura
1336 2204 1487 2254 esset,
1510 2205 1700 2259 quanto
1729 2207 1834 2245 stu-

360 2319 375 2326 ,
388 2272 475 2322 dio
494 2272 650 2320 aliena
667 2287 722 2319 ac
742 2271 872 2320 nihil
890 2271 1159 2336 profutura
1174 2259 1523 2337 ‚multumque
1543 2275 1688 2324 etiam
1707 2278 1833 2341 peri·
1857 2299 1867 2306 ·

386 2352 557 2401 culosa
586 2363 798 2416 petunt3
826 2368 992 2415 neque
1024 2363 1313 2417 regerentur
1339 2355 1491 2419 magis
1516 2355 1666 2419 quim
1694 2373 1833 2423 rege-

388 2443 503 2482 rent
520 2448 688 2493 casus,
706 2442 757 2479 et
782 2433 842 2480 eo
862 2431 1218 2496 magnitudinis
1236 2433 1590 2498 procederent,
1622 2436 1714 2485 ubi
1737 2454 1833 2502 pro

392 2511 686 2559 mortalibus
705 2510 859 2576 gloria
879 2513 1050 2560 aeterni
1068 2510 1263 2561 fierent.

458 2591 528 2638 11.
546 2591 674 2640 Nm
693 2591 771 2639 uti
788 2607 946 2654 genus
972 2593 1240 2640 hominum
1274 2596 1609 2670 compositum
1637 2614 1702 2645 ex
1726 2598 1831 2664 ani-

395 2667 478 2718 ma
494 2684 545 2717 et
561 2686 802 2734 corpore3
829 2673 900 2719 ita
918 2688 994 2719 res
1013 2684 1205 2721 cunctae
1218 2705 1235 2733 a
1254 2675 1516 2739 studiaque
1534 2678 1702 2725 omnia
1719 2693 1834 2725 nos-

388 2759 495 2810 tra,
525 2751 751 2814 corporis
777 2752 896 2812 alia,
925 2751 1014 2798 alia
1052 2753 1237 2812 animi,
1272 2765 1502 2803 naturam
1535 2766 1836 2819 sequuntur

386 2830 547 2893 Igitur
559 2830 790 2895 praeclara
811 2830 984 2893 facies,
1001 2847 1188 2898 magnae
1207 2832 1390 2885 divitiae
1404 2868 1421 2897 ‚
1434 2836 1499 2885 ad
1515 2837 1615 2884 hoc
1634 2836 1709 2884 vis
1727 2850 1836 2884 cor-

1022 2913 1027 2916 *
1540 2915 1595 2961 5«
