2150 3650
346 350 425 395 ''te
651 348 705 396 C.
743 339 1018 396 CRISPI
1071 343 1508 399 SALLUSTII

344 440 446 490 ‘cile
469 441 781 492 lubidinibus
805 445 1023 492 carebat:
1060 448 1122 494 οὸ
1137 438 1403 510 'profusius
1422 445 1656 515 omnibus
1677 450 1783 491 mo-

354 521 428 568 dis
454 524 669 583 quaestui
687 533 838 585 atque
858 526 1049 572 sumtui
1075 525 1274 573 deditus
1302 536 1420 573 erat.

420 601 555 647 xlv.
598 602 658 648 111
687 602 823 650 tauta
846 614 1048 677 tamque
1065 604 1304 668 cor-rupta⁸
1324 605 1523 651 civitate
1550 602 1786 660 Catilina,

350 676 404 723 id
431 679 571 740 quod
600 679 733 728 factu
760 681 1049 729 facillimum
1075 693 1206 743 erat,
1228 681 1456 731 omnium'
1482 682 1788 745 flagitiorum
1869 738 1872 741 Ι

352 767 501 818 atque
538 757 818 808 facinorum
838 757 1044 809 'circum
1071 778 1150 822 se,
1171 773 1424 825 tamquam
1451 759 1749 825 stipatorum
1769 789 1787 817 ‚

334 842 567 883 ‘catervas
592 838 821 887 habebat.
841 840 971 887 Nam
993 841 1303 904 quicumque
1321 841 1625 905 impudicus,
1644 837 1784 886 adul-

351 922 442 973 ter,
463 930 649 978 gane0,
677 932 856 979 mauu,
884 929 1058 968 ventre
1076 952 1094 978 ,
1130 935 1259 983 pene
1276 952 1292 980 ,
1320 920 1453 967 bona
1480 920 1638 983 patria
1661 918 1784 964 lace-

349 1006 544 1042 raverat
570 1028 587 1055 ,
626 998 818 1062 quique
864 998 1084 1046 alienum
1120 1014 1183 1046 aes
1228 999 1411 1063 grande
1449 996 1745 1046 conflaverat
1766 1025 1784 1053 ‚

336 1069 456 1136 'quo
481 1072 728 1139 flagitium
757 1089 844 1126 aut
881 1078 1072 1125 facinus
1098 1077 1388 1135 redimeret3
1423 1089 1656 1140 praeterea
1675 1089 1784 1122 om-

349 1145 438 1198 nes
461 1155 686 1217 undique
721 1157 1004 1218 parricidae,
1041 1157 1290 1218 sacrilegi,
1317 1156 1534 1203 convicti
1560 1152 1784 1215 judiciis,

339 1238 435 1276 'aut
474 1248 569 1295 pro
612 1232 751 1279 factis
795 1232 1042 1293 judicium
1077 1235 1310 1280 timentes
1331 1250 1344 1290 3
1381 1232 1443 1278 ad
1482 1233 1612 1290 hoc,
1652 1232 1781 1294 quus

347 1322 526 1356 manus
554 1321 702 1373 atque
722 1304 892 1373 lingua
908 1310 1137 1374 perjurio
1154 1321 1241 1356 aut
1270 1312 1507 1375 sanguiue
1526 1308 1662 1358 civili
1684 1312 1780 1358 ale·-

346 1384 457 1442 δεῖς
483 1389 741 1448 postremi)
766 1406 940 1436 omues
972 1398 1104 1450 quo‘s
1130 1388 1401 1451 flagitium,
1429 1380 1643 1452 egestas,
1661 1404 1782 1435 cou-

336 1462 478 1509 ‘scius
496 1465 719 1525 anirnus,
736 1467 1043 1530 exagitabat3
1068 1468 1108 1514 ii
1135 1466 1354 1515 Catilinae
1371 1468 1611 1529 proxumi
1642 1466 1782 1513 fami·

336 1540 588 1605 ’liaresque
621 1550 774 1592 eraut.
813 1544 967 1605 Qubd
987 1547 1028 1591 si
1055 1546 1169 1608 quis
1196 1546 1344 1593 etiam
1373 1562 1399 1592 a
1420 1544 1565 1610 culpa
1591 1562 1781 1594 vacuus

334 1620 401 1667 'in
431 1621 696 1669 amicitiam
729 1622 836 1684 ejus
864 1625 1106 1673 inciderat
1123 1657 1140 1685 ,
1164 1625 1457 1688 quotidiano
1494 1642 1590 1673 usu
1631 1637 1779 1689 atque

341 1698 591 1748 illecebris
631 1702 775 1751 facile
802 1719 894 1768 par
926 1705 1203 1768 similisque
1241 1705 1415 1752 ceteris
1456 1703 1782 1753 efficiebatur.

345 1778 445 1827 Sed
464 1782 696 1831 maxume
716 1781 1107 1833 adolescentium
1122 1784 1475 1833 familiaritates
1492 1783 1779 1849 adpetebat:

338 1857 521 1907 *eorum
546 1862 729 1923 animi,
758 1863 932 1911 molles
959 1876 1008 1911 et
1030 1875 1172 1912 aetate
1198 1864 1323 1912 fluxi
1338 1898 1355 1925 ,
1383 1865 1510 1912 dolis
1531 1864 1669 1912 haud
1689 1862 1779 1909 dif-

342 1935 541 1986 ficulter
564 1942 904 2004 capiebantur.
930 1943 1058 1990 Nam
1085 1944 1164 1989 uti
1190 1943 1437 2006 cujusque
1459 1942 1687 1990 studium
1714 1957 1779 1989 ex

341 2026 484 2064 aetate
527 2018 761 2085 flagrabat
784 2054 801 2081 ,
839 2022 948 2069 aliis
993 2032 1157 2070 scorta
1193 2023 1413 2085 praebere
1435 2054 1453 2082 ‚
1490 2022 1596 2069 aliis
1635 2033 1779 2068 canes
1839 2059 1848 2067 .

341 2105 494 2159 atque
521 2115 677 2161 equos
696 2103 925 2159 mercari3
945 2103 1203 2165 postremc
1222 2115 1385 2164 neque
1404 2101 1596 2148 sumtui
1612 2108 1779 2164 neque

342 2176 598 2224 modestiae
623 2195 723 2226 suae
741 2195 966 2242 parcere,
994 2180 1116 2226 dum
1137 2180 1252 2226 illos
1277 2178 1526 2226 obnoxios
1548 2178 1778 2243 fidosque

341 2251 536 2300 faceret.
585 2258 697 2304 Scio
725 2255 878 2304 fuisse
913 2256 1188 2304 nonnullos
1234 2257 1324 2319 qui
1356 2257 1425 2302 ita
1459 2267 1777 2306 aestumat-eut

336 2330 678 2393 ⁴juventutem,
697 2350 809 2396 quae
832 2335 1042 2381 domum
1061 2334 1281 2383 Catilinae
1300 2334 1671 2397 frequentabat,
1693 2354 1776 2400 pa-

339 2407 455 2456 rum
482 2411 691 2459 honeste
715 2412 1008 2475 pudicitiam
1023 2411 1257 2459 hahuisse
1274 2429 1288 2471 3
1308 2413 1394 2460 sed
1419 2429 1482 2460 ex
1500 2414 1605 2462 aliis
1628 2416 1775 2463 rebus

334 2488 495 2550 *magis
524 2489 675 2553 quam
704 2491 843 2555 quod
868 2491 1106 2553 cuiquam
1132 2502 1447 2554 compertum
1476 2492 1637 2553 foret,
1668 2494 1774 2542 haec

336 2564 467 2613 fama
485 2566 693 2615 valebat.
1685 2573 1690 2578 '

336 2649 348 2659 ”
410 2646 522 2693 XV.
555 2648 666 2693 ,ΠΗ
694 2645 916 2710 primum
949 2647 1235 2696 adolescens
1262 2649 1471 2699 Catilina
1505 2651 1661 2699 multa
1686 2667 1772 2699 ne-

335 2722 490 2770 fanda
527 2734 698 2788 stupra
736 2727 941 2786 fecerat,
967 2743 1085 2774 cum
1110 2728 1303 2791 virgine
1338 2729 1528 2789 nobili,
1555 2746 1672 2776 cum
1699 2746 1773 2777 sa-

339 2803 541 2851 cerdote
564 2806 753 2865 Vestae,
787 2815 836 2852 et
859 2804 950 2852 alia
977 2805 1190 2867 hujusce
1216 2807 1354 2854 modi
1379 2808 1653 2870 contraius
1683 2808 1772 2855 fas-

342 2898 455 2945 que.
480 2876 743 2932 Postrem6
765 2896 940 2948 captus
968 2901 1137 2933 amore
1160 2886 1374 2933 Aureliae
1396 2886 1662 2946 Orestillae,
1685 2903 1772 2934 cu-
