2150 3650
872 136 939 192 se

832 332 1305 382 JUGURTHA.
1690 351 1786 398 109

346 427 554 477 miliaria
577 441 937 494 corruperant,
968 442 1018 479 et
1044 429 1215 480 animo
1252 428 1481 494 cupienti
1511 429 1642 478 nihil
1673 432 1790 479 satis

348 505 624 556 festinatur.

346 633 355 640 .
417 588 572 634 va.
615 588 757 637 Enu-
784 601 1022 653 praeterea
1046 590 1103 636 in
1128 588 1349 637 exercitu
1373 598 1551 637 nostro
1569 588 1791 640 Numida

351 664 555 728 quidam
573 698 590 726 ‚
610 667 815 716 nomine
841 668 1046 728 Gauda,
1068 657 1419 715 Mastanabalis
1450 667 1583 716 filius
1598 699 1615 728 ‚
1640 669 1792 716 Masi-

307 777 312 784 .
349 743 492 791 nissae
528 760 685 810 nepos
704 778 722 806 ‚
751 764 904 811 quem
939 747 1152 809 Micipsa
1179 756 1476 793 testamento
1512 747 1792 795 seeundum

346 821 582 872 heredem
621 826 910 889 scripserat3
945 824 1133 872 morbis
1169 822 1458 884 confectus,
1492 836 1543 871 et
1579 825 1791 878 obeam

351 916 575 959 caussam
605 914 774 950 mente
790 903 1017 965 paullum
1037 900 1321 949 imminuta.
1341 901 1437 948 Cui
1456 902 1688 950 Metellus
1705 920 1792 968 pe-

352 982 506 1040 tenti,
533 996 674 1027 more
711 994 884 1045 regum
903 1012 921 1040 ‚
939 980 1019 1027 uti
1057 980 1228 1030 sellam
1250 977 1396 1041 juxta
1409 991 1645 1041 poneret3
1675 982 1793 1027 item

350 1069 550 1121 postea,
566 1059 808 1107 custodiae
824 1057 990 1118 eaussa
1010 1092 1027 1120 ‚
1051 1069 1271 1106 turmam
1295 1058 1526 1121 equitum
1564 1074 1795 1113 romano·-

349 1151 465 1183 rum
483 1168 502 1196 .,
524 1146 799 1200 utrumque
818 1147 1081 1201 negaverat
1106 1136 1387 1185 :honorem
1402 1168 1418 1196 ‚
1440 1134 1581 1199 quod
1615 1152 1793 1185 eorum

351 1214 505 1263 modo
526 1215 703 1284 ⁴foret,
731 1232 860 1280 quos
896 1216 1122 1281 populus
1151 1231 1391 1264 romanus
1416 1231 1555 1280 reges
1583 1215 1795 1280 adpella-

350 1294 534 1352 visset3
559 1294 845 1358 praesidium
863 1328 880 1355 ‚
911 1296 1051 1359 quod
1068 1295 1496 1345 contumeliosum
1521 1294 1578 1342 in
1606 1310 1692 1343 eos
1718 1294 1789 1344 fo·

350 1375 516 1433 ret‚-ai
534 1373 727 1439 equites
745 1376 939 1423 romani
959 1375 1192 1423 satellites
1213 1373 1445 1439 Numidae
1463 1374 1793 1438 traderentur.

347 1451 499 1501 Hune
528 1454 718 1501 Marius
753 1456 962 1503 anxium
977 1487 994 1515 ‚
1015 1453 1308 1519 adgreditur
1334 1464 1485 1517 atque
1517 1453 1756 1503 hortatur
1776 1487 1794 1515 ‚

349 1532 428 1580 uti
453 1533 867 1584 contumeliarum
887 1535 1206 1599 imperatoris
1222 1550 1340 1582 eum
1361 1550 1456 1581 suo
1479 1533 1669 1584 auxilio
1687 1551 1792 1599 poe·
1847 1575 1852 1578 .

322 1655 323 1658 ,
347 1626 434 1657 nas
456 1622 608 1677 petat.
634 1614 902 1662 Hominem
923 1613 990 1662 ob
1011 1612 1216 1661 morbos
1240 1612 1409 1662 auimo
1429 1628 1606 1677 parum
1626 1612 1792 1662 valido

349 1690 566 1737 secunda
589 1693 815 1752 oratipne
842 1691 1043 1740 extollit
1063 1707 1074 1738 :
1098 1711 1119 1733 ιι
1138 1691 1286 1737 illum
1312 1706 1477 1753 regem
1501 1723 1519 1750 ‚
1536 1692 1790 1753 ingentem

346 1790 370 1809 α
407 1768 574 1815 virum
587 1798 605 1827 ‚
630 1769 901 1815 Masinissae
918 1778 1159 1833 nepotem
1186 1783 1315 1815 esse:
1342 1767 1385 1813 si
1403 1770 1435 1812 J
1436 1767 1657 1832 ugurtha
1680 1756 1791 1833 eap-

350 1868 372 1888 «
409 1832 860 1906 tus'‚,aut,oeeisus
886 1877 904 1905 ‚
933 1846 1206 1909 ‚imperium
1232 1845 1485 1894 Numidiae
1518 1846 1623 1893 sine
1650 1845 1792 1895 mora

351 1947 374 1971 α
411 1925 737 1975 habiturum:
763 1924 818 1973 id
844 1924 969 1972 adeo
988 1925 1182 1977 mature
1203 1941 1351 1988 posse
1374 1925 1571 1971 evenire
1589 1956 1605 1984 ‚
1624 1925 1665 1974 si
1684 1925 1793 1989 ipse

350 2026 371 2047 α
411 2003 590 2051 consul
602 2003 665 2050 ad
682 2002 738 2050 id
753 2002 945 2053 bellum
964 2004 1147 2051 missus
1165 2001 1299 2049 foret
1315 2023 1354 2048 ιο.
1372 2004 1544 2065 Itaque
1564 2012 1614 2048 et
1630 2001 1794 2064 illum,

349 2094 400 2132 et
424 2082 618 2151 equites
635 2097 893 2143 romanos,
911 2081 1091 2133 milites
1105 2091 1155 2128 et
1172 2080 1525 2143 negotiatores,
1534 2079 1656 2127 alios
1670 2080 1795 2143 ipse,

347 2162 615 2228 plerosque
649 2176 762 2225 spes
796 2161 931 2223 pacis
952 2159 1167 2224 impellit
1184 2189 1202 2217 ‚
1237 2157 1317 2207 uti
1348 2158 1559 2207 Romam
1585 2158 1648 2204 ad
1672 2175 1791 2209 suos

347 2241 648 2290 necessarios
682 2240 853 2304 aspere
889 2240 945 2288 in
984 2238 1250 2289 Metellum
1277 2237 1339 2284 de
1365 2234 1499 2283 bello
1543 2236 1760 2289 scribant
1773 2270 1791 2299 ‚

348 2322 567 2369 Marium
592 2321 944 2385 imperatorem
966 2324 1193 2385 poseant.
1216 2318 1297 2365 Sie
1322 2316 1397 2365 illi
1420 2331 1449 2363 a
1466 2314 1637 2365 multis
1659 2333 1791 2367 mors»

348 2400 531 2447 talibus
556 2398 927 2448 honestissuma
950 2397 1310 2462 suffragatione
1330 2395 1620 2445 consulatus
1646 2407 1786 2460 pete-

348 2476 514 2526 batur.
547 2475 710 2526 Simul
747 2477 804 2525 ea
832 2487 1122 2542 tempestate
1149 2474 1319 2541 plebes
1332 2506 1351 2535 ‚
1375 2473 1637 2525 nobilitate
1672 2475 1785 2525 fusa

345 2571 437 2622 per
467 2555 626 2620 legem
647 2556 920 2605 Mamiliam
935 2589 951 2617 ‚
986 2571 1149 2605 novos
1193 2553 1480 2603 extollebat.
1515 2554 1591 2602 Ita
1620 2555 1784 2603 Mario

345 2646 525 2683 cuneta
545 2634 913 2698 procedere..

416 2715 837 2762 val.1n1mu
856 2713 889 2758 J
891 2712 1109 2775 ugurtha
1125 2678 1394 2775 postquam
1409 2741 1428 2770 ‚
1445 2680 1627 2765 onusti
1645 2710 1783 2759 dedi-

353 2791 489 2839 tione
506 2822 524 2849 ‚
545 2789 733 2840 bellum
749 2790 954 2856 incipit,
991 2805 1109 2839 eum
1134 2787 1310 2854 magua
1328 2805 1448 2838 eura
1471 2804 1644 2853 parare
1671 2800 1781 2843 om}

1501 2882 1563 2915 ro
