2150 3650
740 355 747 361 ’
808 346 851 359 ””“
897 348 1319 407 ΕΑΤΙΙιΙΝΑ.
1365 352 1406 371 ’·
1795 342 1822 389 3

378 446 580 498 clarum
610 448 721 498 fieri
756 449 903 498 licet÷
929 459 979 496 et
1007 448 1100 512 qui
1126 444 1312 504 fecere,
1333 445 1395 491 'et
1421 441 1510 505 qui
1548 436 1673 489 facta
1711 439 1828 487 alio-

382 530 506 576 'rum
545 527 810 593 scripsere,
837 529 985 577 multi
1022 525 1309 574 laudantur.
1339 524 1427 570 Ac·
1445 522 1570 568 mihi
1596 519 1831 582 quidem,

388 618 556 656 tamen
583 610 675 656 etsi
700 609 1091 672 haudquaquam
1123 622 1214 669 par
1238 603 1393 669 gloria
1410 610 1647 664 sequatur
1671 598 1827 660 scrip-
1884 596 1889 599 ’

389 696 550 734 torem
578 698 628 734 et
649 699 903 736 auctorem
928 702 1127 744 rerum,
1151 694 1318 731 tamen
1346 683 1401 728 in
1419 681 1594 744 primis
1612 677 1827 725 arduum

360 764 590 812 ‘'videtur
628 783 707 812 res
747 764 920 830 gestas'
939 764 1153 811 scribere
1182 781 1194 809 ε
1229 759 1481 826 primum,
1520 758 1659 824 quod
1702 757 1830 804 facta

390 842 537 890 dictis
573 855 696 892 suut
722 833 1050 906 exaiquanda3
1079 842 1287 900 dehine,
1305 840 1423 902 quia
1447 837 1830 903 plerique,'quae

390 922 565 970 delicta
600 921 982 984 reprehenderis
995 932 1016 979 ,·
1038 919 1375 966 malivolentia
1399 918 1450 965 et
1475 916 1663 964 ‘r‘nvidia
1696 916 1829 962 dieta

388 1010 604 1062 putantt
630 999 721 1045 ubi
760 999 820 1044 de
860 998 1059 1060 magua-
1075 998 1264 1044 virtute
1294 1007 1346 1042 et
1384 994 1537 1058 gloria
1575 995 1827 1042 bonorum

366 1076 667 1134 ›memores,
691 1091 803 1138 quae
822 1075 920 1121 sibi
933 1077 1149 1137 quisque
1173 1073 1329 1120 facilia
1344 1073 1478 1120 factu
1504 1083 1666 1137 putat,
1681 1086 1827 1134 aequo

390 1155 560 1200 auimo
592 1152 792 1217 accipin
820 1168 972 1217 supra
1001 1169 1082 1213 ea,
1109 1152 1267 1200 veluti
1292 1150 1432 1212 ficta,
1457 1169 1553 1216 pro
1580 1151 1711 1199 falsis
1736 1150 1828 1219 d'u-

392 1232 476 1280 cit·
503 1220 600 1281 Sed
623 1248 714 1297 ego
744 1232 1143 1280 adolescentulus
1173 1232 1322 1285 initio
1338 1264 1355 1292 ,
1391 1226 1540 1280 sicuti
1565 1230 1793 1294 plerique
1810 1263 1828 1291 ,

391 1311 560 1359 studio
582 1311 645 1359 ad
667 1311 1030 1375 rempublicam
1058 1311 1189 1359 latus
1214 1306 1328 1360 sum
1344 1345 1361 1371 ‚
1391 1312 1562 1375 ibique
1592 1307 1826 1367 mihi'ad·

389 1406 536 1438 vorsa
556 1391 712 1438 multa
736 1390 892 1437 fuere.
917 1380 1045 1438 Nam
1070 1407 1170 1454 pro
1199 1391 1420 1454 pudore,
1449 1386 1545 1454 pro
1574 1388 1825 1436 abstinen-

384 1469 478 1530 tia,
511 1486 607 1532 pro
644 1470 860 1529 virtute,
900 1469 1132 1529 audacia,
1162 1469 1388 1534 largitio,
1423 1469 1656 1528 avaritia,
1689 1469 1824 1531 vige-

384 1550 684 1610 bant.·Quae
710 1549 904 1596 tametsi
940 1549 1138 1596 animus
1178 1550 1566 1612 aspernabatur,
1600 1533 1823 1595 insolens

368 1628 628 1676 ‘malarum
667 1628 879 1688 artium,
906 1638 1074 1675 tamen
1098 1629 1230 1693 iuter
1267 1639 1403 1676 tanta
1427 1629 1549 1674 vitia
1575 1627 1824 1674 imbecilla

382 1720 497 1757 κω
515 1707 786 1756 ambitione
804 1718 1042 1771 corrupta
1061 1707 1348 1755 tenebatur:
1372 1722 1429 1754 ac
1443 1723 1547 1766 me,
1575 1722 1737 1769 quum
1759 1704 1820 1752 ab

382 1784 697 1852 reliqum-uin
712 1787 856 1834 malis
870 1786 1099 1834 moribus
1114 1785 1425 1833 dissentirem
1434 1785 1631 1844 ,nihilo
1654 1781 1821 1831 minus

379 1867 589 1915 honoris
614 1866 802 1930 cupido
827 1865 1024 1926 eadem,
1038 1881 1152 1929 quae
1176 1876 1394 1925 ceteros,
1421 1863 1549 1912 fama
1572 1874 1723 1929 atque
1741 1863 1821 1911 in—

379 1946 513 1993 vidia
541 1945 766 1993 vexabat.
898 1942 907 1952 ”
1157 1943 1164 1950 ’
1680 1945 1688 1951 ’

451 2027 538 2070 IV.
566 2024 751 2072 lot-nm
777 2023 868 2070 ubi
900 2023 1099 2070 animus
1132 2040 1198 2070 ex
1231 2025 1405 2071 multis
1430 2023 1642 2071 miseriis
1664 2035 1815 2087 atque

382 2101 616 2165 periculis
635 2101 908 2163 requievit,
927 2111 978 2148 et
995 2101 1122 2149 mihi
1143 2102 1386 2166 reliquam
1409 2112 1600 2150 aetatem
1618 2119 1645 2149 a
1668 2119 1816 2166 repu-

380 2179 507 2228 blica
532 2180 713 2243 procul
738 2179 1019 2227 habendam
1046 2181 1267 2241 decrevi3
1292 2198 1398 2230 non
1429 2182 1526 2230 fuit
1548 2182 1813 2230 consilium

376 2258 599 2308 secordia
626 2269 776 2321 atque
800 2259 987 2307 desidia
1011 2260 1207 2309 bonum
1235 2261 1398 2309 otium
1424 2272 1676 2309 conterere
1695 2280 1708 2321 3
1726 2278 1813 2310 ne-

381 2354 481 2403 que
510 2339 631 2386 vero
662 2354 837 2401 agrum
862 2338 1107 2401 colendo,
1142 2352 1231 2387 aut
1265 2341 1525 2401 venando,
1550 2342 1813 2389 servilibus

378 2417 556 2467 officiis
591 2418 871 2478 intentum,
897 2429 1090 2466 aetatem
1112 2435 1279 2483 agere3
1305 2420 1391 2468 sed
1425 2436 1453 2466 a
1479 2438 1583 2486 quo
1608 2424 1813 2487 incepto

378 2498 550 2545 studio
583 2512 662 2545 me
689 2497 896 2546 ambitio
928 2497 1052 2546 mala
1087 2499 1394 2560 detinuerat,
1421 2501 1596 2548 eodem
1622 2519 1811 2567 regres-

376 2592 491 2636 sus,
528 2576 682 2623 statui
715 2592 792 2623 res
827 2587 986 2648 gestas
1023 2578 1207 2641 populi
1247 2580 1441 2627 romani
1471 2582 1712 2645 carptim,
1751 2593 1812 2631 ut

379 2671 590 2719 quaeque
629 2654 865 2703 memoria
907 2649 1055 2720 dig'ua
1095 2657 1425 2718 videbantur,
1464 2660 1767 2723 perscribere
1790 2677 1807 2721 3

376 2735 437 2781 eo
467 2734 620 2799 magis
650 2733 791 2797 quod
825 2734 951 2781 mihi
983 2748 1011 2781 a
1046 2751 1159 2798 spe,
1185 2746 1350 2796 metu,
1376 2737 1602 2800 partibus
1641 2740 1802 2804 reipu-

372 2811 547 2872 blicae,
571 2812 768 2860 animus
794 2813 920 2861 liber
947 2825 1064 2862 erat.
1103 2816 1267 2878 Igitur
1291 2815 1353 2862 de
1384 2816 1605 2865 Catilinae
1628 2816 1806 2878 conju-

374 2891 562 2940 ratione
576 2923 594 2953 ,
622 2890 774 2956 quam
798 2892 1067 2942 verissume
1094 2904 1301 2957 potero,
1335 2896 1504 2959 paucis
1536 2894 1805 2945 absolvam.
