2150 3650
379 347 444 410 ⁷⁶
661 349 715 398 c.
756 345 1528 416 cn1sr1‚sAf1,1.usr11

372 442 487 492 dein
512 446 675 493 omnis
711 444 928 511 puberes
953 444 1204 494 Numidas
1229 456 1280 493 et
1317 445 1648 510 negotiatores
1681 459 1809 509 pro-

370 523 583 585 miscue,
603 524 680 573 uti
704 526 919 590 quisque
937 527 1138 572 armatis
1160 524 1367 584 obvius,
1390 523 1654 572 interfecit.
1779 511 1788 519 ⁸

408 601 415 608 ’
435 605 646 651 xxvn.
700 604 858 666 Quon
890 614 1164 669 postquam
1211 605 1388 652 Romae
1429 603 1718 667 cognitum,
1759 611 1816 652 et

362 698 444 730 res
470 683 526 730 in
551 693 727 733 senatu
754 684 928 749 agitari
951 694 1116 748 coepta
1134 716 1152 745 ‚
1179 683 1313 730 idem
1333 682 1407 730 illi
1434 682 1649 730 ministri
1677 681 1808 747 regis
1833 746 1840 751 δ

365 755 730 827 interpellando
748 796 768 825 ‚
785 779 840 811 ac
858 765 988 828 saepe
1005 762 1160 829 grati&
1175 763 1195 825 '‚
1210 761 1467 812 interdum
1484 761 1659 827 jurgiis
1671 794 1693 822 ‚
1709 771 1811 809 tra·

364 840 537 890 hendo
562 852 789 908 tempus,
810 844 1123 893 atrocitatem
1147 843 1264 891 facti
1289 841 1556 891 leniebant.
1580 842 1655 888 Ac
1676 843 1729 888 ni
1752 842 1814 891 C.

366 922 638 971 Memmius
657 956 677 985 ‚
711 923 948 972 tribunus
974 921 1149 992 ‘plebis
1173 921 1456 986 designatus
1474 955 1493 984 ‚
1516 922 1594 969 vir
1619 936 1729 969 acer
1759 930 1813 968 et

366 998 580 1051 infestus
587 1004 826 1068 potentiae
839 1003 1139 1063 nobilitatis,
1147 1002 1399 1067 populum
1408 988 1673 1050 romanum
1687 999 1809 1048 edo·

365 1081 551 1129 coisset
564 1116 582 1143 ‚
613 1080 682 1132 id
705 1081 804 1154 agi
813 1120 828 1143 ,
853 1081 933 1134 uti
959 1098 1066 1149 per
1087 1097 1297 1148 paucos
1318 1080 1588 1143 factiosos
1612 1079 1810 1149 Jugur-

367 1157 485 1211 1¹71oe
501 1159 675 1212 scelus
692 1160 1108 1213 condonaretur
1122 1195 1142 1223 ‚
1175 1159 1406 1225 profecto
1432 1162 1601 1210 omnis
1622 1158 1811 1208 invidia

365 1238 672 1304 prolatandis
696 1239 1151 1290 consultationibus
1175 1239 1365 1304 dilapsa
1390 1239 1536 1289 foret.
1555 1241 1710 1287 Tanta
1730 1238 1809 1285 vis

363 1306 532 1383 gratiae
559 1330 709 1383 atque
726 1319 952 1383 pecuniae
978 1318 1108 1382 regis
1132 1321 1261 1367 erat!
1282 1319 1382 1367 Sed
1401 1320 1492 1367 ubi
1512 1329 1711 1368 senatus
1725 1318 1810 1367 de-

364 1396 472 1443 licti
495 1387 810 1445 'conscientie
853 1395 1106 1460 populum
1131 1398 1329 1464 =timet3
1363 1397 1470 1460 lege
1499 1397 1811 1468 ‘Sempronii

363 1474 635 1539 provinciae
655 1472 842 1521 futuris
868 1473 1189 1533 consulibus,
1220 1474 1458 1524 Numidia
1490 1486 1642 1536 atque
1670 1477 1810 1524 Italia

364 1551 571 1600 decretae
590 1569 602 1598 :
626 1550 858 1599 consules
881 1550 1195 1601 declarantur
1221 1555 1277 1600 P.
1299 1553 1471 1617 Scipio
1496 1554 1679 1602 Nasica
1698 1589 1715 1616 ‚
1756 1559 1811 1612 14⁴

361 1630 524 1679 Bestia
565 1628 871 1694 Calpurnius
907 1647 922 1691 ;
959 1631 1235 1700 anlpurnio
1276 1631 1514 1681 Numidia
1529 1666 1547 1693 ‚
1583 1634 1813 1700 Scipioni

359 1708 499 1759 Italia
517 1707 742 1757 obvenit.
757 1709 951 1760 Deinde
968 1712 1216 1759 exercitus
1230 1744 1248 1772 ‚
1262 1711 1353 1775 qui
1368 1712 1425 1760 in
1444 1712 1667 1761 Africam
1684 1731 1810 1779 por-

362 1800 578 1853 taretur,
603 1790 870 1842 scribitur:
894 1790 1232 1858 stipendium,
1255 1791 1345 1844 alia
1363 1824 1380 1855 ‚
1400 1810 1511 1861 quae
1531 1791 1667 1843 bello
1689 1795 1810 1843 usui
1867 1783 1872 1786 ’

363 1871 557 1933 forent,
584 1870 941 1923 decernuntur.

433 1954 675 2001 xxvm.
715 1953 795 2001 Ar
830 1953 1116 2018 sagarum,
1139 1964 1317 2003 contra
1347 1971 1488 2019 spem
1514 1953 1700 2002 nuncio
1726 1971 1811 2001 uc-

364 2042 511 2097 cepto
527 2068 545 2095 ‚
569 2032 760 2098 quippe
787 2032 871 2081 cui
885 2066 903 2095 ‚
932 2035 1109 2082 Romae
1129 2033 1299 2081 omnia
1325 2034 1521 2095 venire,
1557 2033 1613 2082 in
1636 2034 1809 2082 animo

363 2113 598 2173 haeserat3
616 2110 807 2174 filium,
825 2124 875 2162 et
894 2128 1011 2163 cum
1030 2131 1091 2163 eo
1111 2113 1214 2161 duo
1233 2112 1483 2160 familiaris
1497 2112 1559 2160 ad
1576 2123 1807 2160 senatum

362 2192 550 2257 legatos
579 2194 764 2242 mittit:
799 2193 1009 2257 hisque,
1032 2204 1093 2241 ut
1116 2192 1213 2240 illis
1248 2208 1402 2256 quos,
1427 2192 1708 2255 Hiempsale
1725 2191 1808 2240 in-

361 2272 601 2333 terfecto,
625 2268 857 2331 miseran
891 2272 1132 2336 praecepit
1168 2294 1189 2314 α
1211 2271 1375 2320 omnis
1402 2269 1622 2320 mortalis
1650 2286 1808 2334 pecu·

363 2371 384 2390 u
419 2347 503 2396 nili
521 2350 873 2413 adgrediamur
891 2371 930 2396 ι.
961 2350 1067 2409 Qui
1087 2361 1359 2413 postquam
1377 2353 1592 2399 Romam
1620 2349 1806 2397 adven-

362 2422 564 2485 tabant3
599 2436 800 2474 senatus
827 2443 855 2473 a
881 2427 1043 2475 Bestia
1050 2428 1329 2495 consultus
1354 2441 1454 2491 est,
1485 2427 1805 2496 placeretne

363 2502 574 2574 legatos
603 2502 901 2576 Iugurtha?
938 2505 1111 2574 recipi
1147 2505 1433 2558 moenibus.
1464 2508 1608 2574 lique
1641 2508 1809 2557 decre-

360 2600 520 2632 vere.
546 2584 691 2632 «nisi
717 2601 956 2648 regnum,
979 2585 1252 2650 ipsumque
1272 2586 1498 2636 deditum
1529 2588 1812 2651 venissent,

360 2686 382 2707 α
420 2664 500 2713 nti
524 2664 578 2712 in
603 2662 782 2712 diebus
803 2666 1069 2728 proxumis
1102 2665 1273 2714 decem
1294 2665 1432 2715 nana
1452 2667 1804 2716 decederent.

363 2742 552 2794 Consul
588 2743 824 2793 Numidis
860 2761 924 2793 ex
948 2745 1111 2794 'senati
1149 2745 1348 2795 decreto
1382 2747 1611 2794 nunciari
1643 2746 1807 2809 jubet.

356 2827 434 2873 Ita
457 2823 653 2874 infectis
671 2823 823 2872 rebus
840 2823 912 2871 illi
933 2824 1145 2873 domum
1165 2825 1445 2874 discedunt.
1465 2826 1676 2874 Interim
1696 2825 1807 2875 Cal-

356 2906 599 2969 purnius,
616 2914 788 2970 parato
810 2905 1034 2954 exercitu
1047 2938 1065 2966 ,
1084 2904 1216 2971 legat
1241 2904 1337 2953 sibi
1355 2904 1586 2954 homines
1604 2904 1808 2968 nobilis,
