2150 3650
868 254 1344 327 JUGURTH'A.
1760 275 1825 336 67

357 363 363 370 '
391 386 413 410 ι
449 377 617 430 petere
640 381 706 413 ne
732 364 888 413 alium
922 376 1162 430 putarent
1197 382 1252 413 ac
1282 363 1568 414 Numantiae
1599 363 1831 426 cognitus

390 467 412 490 a
449 456 576 493 esset
588 477 605 505 ‚
622 461 723 492 neu
742 444 892 492 verba
915 446 1108 492 inimici
1126 455 1240 493 ante
1259 446 1387 491 facta
1421 459 1509 491 sua
1525 453 1772 506 ponerent
1792 462 1831 489 a.

388 524 582 572 Deinde
618 524 822 587 utrique
857 525 997 572 curia
1032 524 1375 589 egrediuntur.
1408 525 1619 571 Senatus
1662 521 1831 568 statim

393 603 680 651 consulitur
699 620 711 650 ι
763 603 982 650 fautores
1017 603 1324 665 legatorum,
1369 612 1606 665 praeterea
1654 614 1832 663 magna

358 674 365 682 ’
391 697 534 745 pars,
555 681 708 747 gratia
726 681 1005 744 depravati,
1023 680 1320 728 Adherbalis
1340 677 1467 727 dicta
1486 689 1834 737 contemnere3

394 763 429 806 J
432 761 662 823 ugurthae
680 762 918 808 virtutem
938 760 1175 807 extollere
1202 758 1468 827 laudibus-3
1486 757 1664 822 gratia,
1682 772 1832 814 voce,

352 837 359 844 ’
391 838 610 904 denique
628 839 869 888 omnibns
887 838 1053 886 modis
1069 853 1164 901 pro
1182 838 1343 884 alieno
1362 837 1540 884 scelere
1559 847 1609 883 et
1627 835 1832 899 flagitio,

309 917 315 924 ’
394 918 487 966 sna
512 919 659 982 quasi
682 932 777 980 pro
804 915 986 979 gloria,
1016 915 1321 962 nitebantur.
1355 915 1427 960 At
1452 913 1626 962 contra
1651 915 1832 977 pauci,
1871 926 1878 934 ·

394 996 584 1060 quibus
607 995 806 1041 bonum
824 1004 875 1040 et
899 1009 1103 1056 aequum
1130 992 1318 1039 divitiis
1335 993 1522 1052 carius,
1539 992 1833 1039 subvenien-

391 1074 519 1121 dum
539 1070 814 1119 Adherbali
839 1081 890 1119 et
917 1071 1218 1135 Hiempsalis
1246 1081 1463 1118 mortem
1489 1070 1653 1118 severe
1673 1070 1833 1117 vindi·

391 1150 600 1198 eandam
619 1148 902 1197 censebant.
927 1150 1025 1198 Sed
1051 1166 1115 1197 ex
1142 1148 1379 1197 omnibus
1405 1147 1639 1196 maxume
1654 1148 1831 1196 AEmi-

391 1229 492 1278 lius
510 1230 724 1277 Scaurus
739 1261 757 1289 ‚
774 1227 934 1278 homo
950 1228 1134 1277 nobilis
1153 1263 1169 1289 ‚
1187 1229 1424 1293 impiger,
1449 1228 1714 1288 factiosus,
1732 1228 1833 1274 avi·

396 1308 494 1358 dus
526 1307 791 1372 potentioe‚
818 1308 1053 1368 honoris,
1100 1308 1418 1366 divitiarum3
1461 1304 1683 1355 ceterum
1715 1307 1836 1353 vitia

394 1404 486 1436 sna
507 1386 684 1436 callide
709 1387 981 1435 occultans.
1004 1388 1054 1435 Is
1070 1398 1342 1452 postquam
1367 1387 1507 1435 videt
1531 1387 1658 1450 regis
1692 1386 1833 1450 largi-

390 1467 583 1515 tionem
607 1465 845 1514 fanos-m
870 1467 1352 1531 impudentemque,
1376 1467 1594 1527 veritus,
1613 1466 1753 1530 quod
1776 1466 1834 1513 in

390 1545 476 1594 tali
493 1560 547 1594 re
564 1545 715 1608 solet,
740 1562 804 1594 ne
829 1547 1024 1610 polluta
1042 1547 1242 1595 licentia
1262 1546 1501 1595 invidiam
1519 1545 1832 1604 accenderet,

344 1623 349 1632 ”
391 1626 616 1673 animum
641 1640 668 1672 a
686 1624 928 1673 consueta
944 1625 1173 1674 lubidine
1191 1627 1466 1675 continuit.

465 1706 603 1751 XVI.
630 1706 783 1758 Vrcrr,
817 1714 986 1751 tamen
1022 1705 1078 1751 in
1108 1699 1286 1752 senatu
1321 1721 1435 1768 pars
1466 1706 1552 1753 illa
1592 1706 1682 1769 qui
1709 1715 1831 1751 vero

393 1782 614 1847 pretium
636 1791 726 1829 aut
746 1782 949 1845 gratiam
969 1781 1324 1830 anteferebant.
1346 1784 1616 1832 Decretum
1634 1782 1719 1843 fit,
1750 1779 1832 1832 ιιίὶ

392 1858 580 1910 decem
607 1857 783 1930 legati
814 1875 1041 1929 regnum
1066 1860 1215 1929 quod
1249 1859 1501 1928 Micipsa
1522 1857 1837 1910 obtinuerat

392 1939 549 1991 inter
587 1935 925 2007 Iugurtham
969 1946 1029 1989 et
1070 1935 1453 1989 Adherbalem
1503 1935 1832 1990 dividerent.

396 2016 556 2078 Cujus
589 2016 849 2080 legationis
880 2018 1114 2080 princeps
1148 2017 1249 2065 fnit
1286 2020 1343 2065 L.
1380 2019 1639 2081 Opimi-us,
1674 2017 1832 2067 homo

396 2096 594 2154 clarus,
614 2102 666 2140 et
700 2105 811 2141 tum
837 2095 894 2141 in
928 2108 1104 2143 senatu
1139 2105 1351 2159 potens,
1385 2097 1501 2162 quia
1536 2096 1738 2155 consul,
1773 2095 1831 2146 C.

394 2173 620 2221 Graccho
646 2183 698 2220 et
721 2174 794 2220 M.
820 2173 1002 2222 Fulvio
1030 2173 1205 2223 Flacco
1238 2173 1512 2224 interfectis
1526 2206 1544 2235 ‚
1579 2175 1830 2222 acerrume

395 2253 655 2301 victoriam
671 2252 947 2301 nobilitatis
968 2253 1024 2300 in
1040 2251 1238 2317 plebem
1256 2264 1558 2303 exercuerat«
1582 2255 1712 2302 Eum
1733 2257 1766 2301 J
1768 2271 1827 2303 u-

393 2331 605 2398 gurtha,
637 2332 835 2380 tametsi
867 2335 1042 2380 Romae
1071 2332 1130 2379 in
1154 2333 1325 2380 amieis
1362 2333 1625 2395 babuerat,
1662 2345 1828 2399 tamen

390 2411 778 2461 adcuratissume
794 2412 1003 2477 recepitz
1026 2411 1193 2460 dando
1212 2422 1262 2459 et
1280 2411 1602 2476 pollicitando
1620 2415 1828 2479 perfecit

392 2491 474 2537 uti
497 2489 652 2550 samii,
678 2488 806 2550 fide,
831 2492 1093 2554 postremo
1110 2491 1346 2540 omnibus
1369 2493 1474 2542 suis
1504 2495 1653 2542 rebus
1688 2510 1820 2542 com·
1907 2492 1926 2573 '‘-

390 2567 601 2616 modum
627 2568 754 2633 regis
775 2568 1058 2619 anteferret.
1087 2571 1329 2634 Reliquos
1346 2572 1536 2637 legatos
1554 2571 1723 2622 eadem
1743 2571 1824 2621 via

391 2646 648 2712 adgressus
667 2678 684 2707 ‚
699 2648 964 2712 plerosque
981 2649 1135 2713 capit:
1158 2651 1332 2713 paucis
1350 2653 1512 2701 carior
1528 2651 1653 2701 fides
1671 2653 1822 2717 quam

390 2726 601 2789 pecnnia
620 2724 735 2774 fuit.
764 2728 825 2774 In
850 2725 1118 2787 divisione,
1141 2744 1250 2790 quae
1266 2745 1381 2792 pars
1408 2730 1656 2780 Numidiae
1678 2734 1822 2778 Mau-

390 2806 626 2854 retaniam
653 2803 892 2871 adtingit,
914 2821 1061 2871 agro,
1076 2806 1198 2856 viris
1221 2807 1539 2874 opulentior,
1554 2809 1823 2875 Jugurthae
