2150 3650
774 303 1284 354 annuamus.
1726 321 1793 373 ⁷⁷

353 400 617 462 factiosos,
636 416 856 467 quorum
872 404 1167 454 auctoritate
1178 440 1194 464 ‚
1214 419 1332 469 qua.-
1353 398 1641 467 dequuisset
1652 436 1670 465 ‚
1688 417 1802 457 mue

357 481 462 529 nita
507 480 619 531 fore
643 482 904 548 sperabat:
939 484 995 532 in
1015 483 1133 549 quis
1166 484 1266 532 fuit
1295 482 1542 543 Scaurus,
1565 482 1712 547 cujus
1737 484 1801 533 de

354 560 532 610 natura
559 574 613 611 et
632 562 811 612 babitu
837 563 988 628 supr&
1009 564 1413 612 memoravimus.
1437 563 1567 614 Nam
1593 563 1649 611 iu
1675 579 1796 613 con·

352 639 462 689 sule
480 652 656 692 nostro
684 641 854 691 multae
877 642 1125 708 bonaque
1149 652 1279 690 artes
1308 642 1465 690 animi
1494 653 1546 690 et
1571 643 1797 708 corporis

357 731 498 768 erant
518 754 535 782 ‚
561 736 684 785 quas
705 722 873 771 omnis
899 722 1105 771 avaritia
1129 722 1481 788 prepediebat.
1505 722 1705 771 Patiens
1730 723 1798 771 la-

351 797 534 848 borum
555 833 573 862 ‚
606 802 708 849 acri
739 802 946 868 iugenio
961 835 979 862 ‚
1018 804 1137 850 satis
1174 802 1449 866 providens
1464 834 1482 863 ‚
1504 800 1625 850 belli
1660 802 1801 851 haud

349 877 552 942 ignarus
569 914 587 940 ‚
634 878 977 928 firmissumus
1013 890 1194 927 contra
1228 881 1450 944 pericula
1488 892 1540 929 et
1576 882 1796 948 insidias.

351 958 449 1007 Sed
473 958 694 1024 legiones
721 974 814 1021 per
832 958 1025 1006 Italiam
1045 958 1301 1023 Rhegium
1315 991 1332 1018 ‚
1363 970 1515 1023 atque
1540 960 1660 1008 inde
1678 961 1799 1008 sici-

349 1037 466 1085 liam
482 1070 500 1097 ‚
514 1037 671 1100 porro
696 1052 761 1085 ex
788 1037 953 1086 Sicilia
976 1039 1034 1086 in
1058 1036 1279 1086 Africam
1306 1048 1615 1087 transvectae.
1637 1040 1799 1103 Igitur

355 1114 660 1178 Calpurnius
677 1115 854 1177 initio,
868 1117 1055 1181 paratis
1073 1115 1437 1164 commeatibus
1458 1149 1477 1178 ‚
1493 1117 1670 1164 acriter
1688 1118 1796 1166 Nu-

355 1191 559 1240 midiam
584 1193 835 1259 ingressus
856 1205 957 1256 est,
983 1195 1173 1244 multos
1201 1195 1424 1244 mortalis
1438 1229 1456 1257 ,
1480 1206 1532 1244 et
1556 1195 1696 1246 urbis
1714 1196 1796 1244 ali-

355 1282 484 1337 quot
510 1273 787 1339 pugnando
807 1275 957 1339 capit.

423 1353 618 1401 1111.
636 1355 739 1403 San
757 1352 848 1401 ubi
864 1354 1120 1419 Iugurtha
1137 1370 1230 1419 per
1244 1354 1433 1419 legatos
1455 1353 1669 1419 pecunia
1686 1366 1793 1404 teu-

358 1439 491 1493 m,
517 1431 767 1497 bellique,
792 1433 933 1499 quod
957 1433 1359 1495 administrabat,
1375 1435 1689 1499 asperitatem
1716 1449 1798 1482 os·-

351 1511 555 1560 tendere
572 1512 757 1578 coepit3
779 1513 974 1562 animus
991 1529 1121 1579 eger
1137 1513 1341 1562 avaritia
1360 1513 1499 1562 facile
1516 1528 1792 1563 conversus

347 1602 439 1641 est.
468 1590 702 1643 Ceterum
722 1595 889 1643 socius
908 1605 960 1642 et
982 1593 1287 1658 administer,
1302 1595 1532 1642 omnium
1563 1594 1796 1643 consilio-

347 1686 463 1719 rum
499 1671 783 1721 adsumitur
816 1676 1059 1733 Scaurus3
1090 1674 1183 1737 qui
1220 1674 1416 1722 tametsi
1442 1690 1470 1721 a
1506 1673 1796 1737 principio,

349 1750 604 1815 plerisque
621 1766 686 1798 ex
698 1750 914 1800 factione
932 1751 1042 1814 ejus
1060 1751 1313 1816 corruptis
1323 1784 1341 1812 ‚
1358 1752 1612 1800 acerrume
1629 1768 1796 1818 regem

348 1831 729 1893 impugnaverat
751 1847 767 1890 3
789 1840 954 1877 tamen
976 1831 1323 1895 magnitudine
1346 1831 1571 1895 pecuniae
1596 1846 1625 1877 a
1657 1831 1797 1879 bono

353 1906 682 1973 honestoque
706 1908 761 1956 in
786 1923 997 1972 pravum
1021 1908 1296 1958 abstractus
1314 1920 1406 1958 est.
1426 1908 1525 1958 Sed
1542 1911 1576 1956 J
1577 1910 1795 1975 ugurtha

350 1984 575 2050 primum
597 1985 952 2035 tantummodo
974 1986 1097 2034 beili
1117 2003 1308 2035 moram
1326 1987 1604 2036 redimebat
1616 2021 1634 2049 ‚
1669 1990 1796 2037 exis·

352 2075 559 2112 tumans
574 2096 593 2124 ,
620 2080 726 2112 sese
742 2060 935 2128 aliquid
955 2065 1159 2114 interim
1177 2067 1354 2114 Roma
1370 2066 1564 2129 pretio,
1582 2076 1671 2115 aut
1692 2084 1794 2133 gra-

349 2141 420 2192 tii
437 2176 455 2205 ‚
480 2142 783 2191 effecturum
810 2159 825 2191 z
863 2155 1036 2208 postea
1058 2145 1182 2193 vero
1209 2143 1361 2209 quim
1391 2145 1684 2211 participem
1711 2163 1796 2197 ue·

348 2222 474 2288 gatii
491 2224 737 2271 Scaurum
752 2234 1007 2288 acceperat
1025 2241 1040 2284 ;
1058 2224 1116 2272 iu
1132 2240 1420 2275 maxumam
1448 2241 1588 2291 spesn
1608 2226 1796 2276 adduc·

352 2312 435 2352 tus
464 2303 812 2367 recuperande
840 2303 1009 2368 pacis,
1033 2305 1211 2353 statuit
1234 2320 1352 2353 cum
1379 2304 1450 2353 eis
1476 2305 1538 2353 de
1555 2306 1793 2357 omnibus

345 2382 664 2447 pactionibus
698 2398 918 2447 praesens
945 2399 1104 2451 agere.
1139 2381 1373 2435 Ceterum
1410 2386 1596 2435 interea
1612 2419 1631 2449 ‚
1672 2386 1792 2437 fidei

343 2461 546 2522 camsi,
583 2462 804 2511 mittitur
832 2479 861 2510 a
889 2463 1096 2512 consule
1129 2465 1331 2514 Sextius
1364 2477 1585 2529 quaestor
1617 2466 1674 2515 in
1699 2484 1790 2532 op-

344 2540 524 2605 pidum
551 2542 821 2606 Jugunhae
843 2544 1086 2603 Vaccam3
1108 2543 1257 2607 cujus
1274 2545 1347 2592 rei
1364 2547 1552 2611 speeies
1582 2557 1687 2595 erat
1712 2563 1792 2596 ac-

344 2620 513 2685 ceptio
558 2621 802 2669 frumenti
821 2653 838 2681 ‚
877 2621 1020 2685 quod
1063 2623 1369 2688 Calpurnius
1408 2626 1575 2692 palam
1619 2627 1793 2694 legatis

343 2701 705 2764 imperaverat:
733 2700 973 2765 quoniam
997 2702 1266 2753 deditionis
1293 2703 1433 2753 mora
1456 2705 1672 2755 inducite
1688 2706 1792 2770 agi*

350 2778 600 2828 tabantur.
626 2780 787 2846 Igitur
812 2795 900 2827 rex
915 2811 933 2840 ‚
959 2779 1035 2828 uti
1061 2783 1389 2831 constituerat
1408 2817 1426 2846 ‚
1447 2785 1504 2833 in
1529 2797 1686 2834 castra
1709 2800 1794 2832 vs·

354 2857 430 2906 nit
452 2874 463 2906 ε
491 2874 548 2907 ac
570 2875 756 2925 pauca,
778 2859 1013 2925 praesenti
1034 2859 1274 2925 consilio,
1297 2863 1499 2914 locutus
1525 2863 1588 2912 de
1603 2862 1790 2912 invidi&

1511 2958 1557 3005 7.
