2150 3650
836 257 1299 308 JUGURTHA.
1682 269 1777 315 ¹²⁷

350 374 374 395 α
415 354 707 419 turpissumi
727 355 852 416 viri,
869 355 1125 404 bonorum
1151 356 1355 420 praemia
1391 364 1621 417 ereptum
1639 359 1789 400 bunt.

349 454 374 476 α
415 434 491 481 Ita
508 434 852 496 iniustissume
868 419 1073 483 luxuria
1091 447 1141 483 et
1159 436 1373 501 ignavia,
1387 449 1631 498 pessumae
1650 442 1794 500 artes,

351 534 374 555 ι
412 514 543 574 illis,
572 516 662 579 qui
679 515 879 564 coluere
906 532 1014 575 eas,
1040 515 1173 564 nihil
1202 514 1479 572 obficium3
1512 512 1796 577 reipublicoe

351 614 375 636 ιι
411 594 633 641 innoxiae
653 594 781 642 cladi
799 606 934 642 sunt.
961 595 1114 641 Nunc
1134 595 1373 656 quoniam
1392 593 1491 640 illis
1506 626 1523 653 ,
1550 589 1795 655 quantum

353 693 378 715 α
419 688 582 720 mores
608 675 740 735 mei,
764 690 874 722 non
910 674 1118 721 illorum
1147 672 1357 736 flagitia,
1373 671 1645 735 poscebant
1663 703 1679 730 ,
1700 686 1797 717 res-

356 774 379 794 «
412 753 609 815 pondi3
633 770 791 817 pauca
829 753 890 799 de
918 750 1174 816 republica
1200 750 1396 813 loquar.
1426 748 1651 798 Primum
1688 767 1794 799 om-

356 852 380 874 «
419 831 563 880 nium
584 833 646 880 de
663 831 905 881 Numidia
921 830 1119 878 bonum
1138 828 1375 876 habetote
1395 830 1618 877 animum
1638 861 1654 888 ,
1675 830 1798 890 Qui-

353 933 376 954 «
413 911 548 959 rites.
566 912 698 958 Nam
720 925 836 973 quae
856 909 919 956 sd
951 909 1051 955 hoc
1082 919 1280 972 tempus
1306 906 1610 972 Iugurtham
1640 917 1798 953 tutata

353 1011 379 1034 ιι
416 1000 566 1050 sunt,
591 988 761 1036 omnia
801 989 1115 1047 removistis,
1147 985 1399 1034 avaritiam
1419 1019 1436 1046 ,
1471 986 1798 1048 imperitiam,

355 1091 377 1110 n
417 1068 718 1131 superbiam.
733 1067 925 1115 Deinde
938 1066 1190 1113 exercitus
1203 1065 1276 1112 ibi
1292 1076 1366 1112 est
1378 1063 1607 1112 locorum
1624 1065 1801 1121 sciens;

357 1169 378 1191 α
416 1146 502 1194 sed
528 1145 813 1195 mehercule
840 1146 995 1209 magis
1020 1157 1287 1205 strenuus,
1314 1141 1466 1207 quam
1498 1141 1632 1191 felix.
1670 1142 1800 1189 Nam

356 1250 377 1270 ι
415 1243 591 1291 magna
622 1243 735 1291 pars
769 1225 1079 1274 avarititaut
1113 1226 1391 1273 temeritate
1412 1224 1600 1272 dueum
1620 1222 1801 1269 adtrita

356 1328 379 1347 a
417 1317 507 1353 est.
538 1306 884 1367 Quamobrem
911 1321 1003 1353 vos
1023 1338 1040 1365 ,
1071 1305 1259 1369 quihus
1289 1303 1515 1351 militaris
1542 1312 1656 1349 aetas
1675 1334 1693 1361 ,
1717 1300 1799 1348 ad-

357 1405 379 1427 «
419 1385 641 1433 nitimini
660 1401 859 1433 meeum
877 1396 927 1432 et
952 1385 1193 1448 capessite
1212 1383 1600 1447 rempublicam:
1637 1396 1802 1444 neque

349 1486 382 1507 ἀ
424 1479 729 1528 quemquam
751 1482 815 1513 ex
846 1464 1120 1513 calamitate
1138 1465 1379 1524 aliorum,
1411 1473 1499 1511 aut
1534 1463 1800 1526 imperato·

356 1566 378 1588 ι
416 1561 529 1592 rum
563 1545 825 1610 superbiit,
858 1556 1023 1593 metus
1042 1546 1246 1608 ceperit.
1268 1543 1477 1609 Egomet
1495 1544 1564 1590 'in
1589 1542 1808 1606 agmine,

360 1645 384 1667 α
408 1625 476 1671 in
499 1624 680 1689 proelio
719 1625 980 1672 consultor
1016 1625 1152 1672 idem
1171 1657 1189 1684 ,
1211 1635 1262 1671 et
1292 1625 1455 1672 socius
1475 1623 1685 1685 periculi
1712 1636 1799 1668 vo·

356 1726 381 1744 «ι
418 1703 616 1750 biscum
651 1703 828 1760 adero;
857 1718 1040 1763 meque
1065 1718 1259 1764 vosque
1290 1701 1346 1748 in
1378 1701 1617 1748 omnibus
1653 1697 1803 1747 rebus

360 1803 383 1823 ι
420 1779 564 1842 juxta
584 1795 765 1843 geram.
792 1780 856 1824 Et
884 1778 1114 1842 profecto
1136 1810 1153 1838 ,
1177 1778 1252 1824 dis
1277 1776 1600 1840 juvantibus,
1635 1778 1805 1824 omnia

361 1882 384 1902 a
422 1869 615 1906 matura
635 1868 757 1906 sunt
773 1890 790 1916 ,
811 1858 1049 1916 victoria,
1074 1855 1246 1920 praeda
1260 1889 1276 1917 .,
1290 1856 1423 1915 laus;
1454 1872 1564 1920 quae
1584 1856 1627 1904 si
1656 1855 1807 1903 dubia

363 1961 384 1983 a
423 1950 508 1986 aut
534 1938 720 2002 procul
736 1947 900 1984 essent
916 1969 932 1989 ..
964 1948 1134 1984 tamen
1152 1937 1317 1984 omnis
1336 1935 1497 1984 bonos
1515 1934 1805 2000 reipublicae

361 2040 383 2061 n
421 2017 687 2066 subvenire
706 2015 928 2062 decebat.
948 2016 1144 2064 Etenim
1163 2013 1358 2079 ignavia
1378 2030 1531 2061 nemo
1550 2016 1803 2061 immorta-

363 2120 386 2140 ι
421 2098 483 2144 lis
503 2095 682 2143 factus:
700 2111 866 2157 neque
885 2095 1152 2158 quisquam
1171 2108 1350 2157 parens
1368 2092 1561 2153 liberis,
1580 2091 1658 2139 uti
1673 2103 1810 2140 aeter-

364 2198 389 2219 a
425 2175 479 2223 ni
498 2176 684 2233 forent,
710 2174 930 2237 optavit3
959 2175 1144 2234 magis,
1170 2173 1248 2219 uti
1274 2172 1396 2219 boni
1414 2171 1714 2234 honestique
1734 2172 1807 2219 vi—

367 2276 389 2299 «
428 2267 528 2303 tam
549 2256 820 2318 exigerent.
857 2255 1008 2301 Plura
1028 2252 1242 2300 dicerem
1257 2285 1273 2312 ,
1292 2252 1542 2312 Quirites,
1559 2252 1602 2298 si
1622 2250 1808 2315 timidis

370 2358 394 2379 ι
429 2333 671 2383 virtutem
712 2333 863 2380 verba
898 2332 1177 2391 adderent3
1205 2347 1319 2379 nam
1356 2331 1573 2379 strenuis
1610 2329 1811 2379 abunde

368 2438 390 2459 α
427 2415 620 2463 dietum
640 2424 786 2478 puto.
802 2435 823 2455 n

436 2496 714 2541 Lxxxvl.
744 2494 790 2538 H
796 2508 1111 2540 uwscrxom
1130 2491 1357 2539 oratione
1374 2489 1542 2539 habita
1559 2525 1576 2551 ,
1617 2490 1808 2539 Marius

367 2583 635 2636 postquam
675 2572 837 2636 plebis
876 2587 1071 2619 ammos
1113 2582 1330 2619 arrectos
1366 2571 1505 2618 videt
1529 2604 1547 2628 ,
1592 2570 1807 2635 propere

371 2662 653 2699 commeatu
673 2684 690 2710 ,
720 2651 1001 2714 stipendio,
1040 2652 1219 2710 armis,
1259 2650 1364 2697 aliis
1412 2651 1624 2697 utilibus
1669 2650 1808 2697 navis

373 2743 547 2778 onerat
567 2747 580 2788 ;
605 2748 722 2778 cnm
744 2731 822 2777 his
841 2731 904 2776 A.
928 2729 1176 2776 Manlium
1201 2730 1418 2791 legatum
1449 2728 1699 2792 proficisci
1727 2727 1806 2789 ju-

369 2806 472 2856 bet.
491 2811 605 2871 Ipse
618 2811 807 2859 interea
825 2808 1005 2856 milites
1024 2809 1241 2856 scribere
1260 2825 1365 2857 non
1384 2825 1522 2857 more
1539 2807 1805 2868 majorum,
