2150 3650
841 344 941 401 c‘A
956 343 1186 402 TILI‘N
1198 346 1271 400 Α,
1723 349 1784 401 33

353 455 476 497 nere
504 441 747 508 hostium,
774 460 1003 498 senatum
1028 449 1206 498 edocet
1227 467 1239 497 ε
1276 458 1512 515 praeterea
1535 470 1557 492 α
1594 463 1648 496 se
1679 449 1793 496 mis·

355 542 381 570 ι(
415 544 530 589 sum
553 544 581 575 a
607 528 680 574 M.
703 528 877 577 Crasso
901 531 993 592 qui
1021 529 1244 577 Catilinae
1261 529 1547 590 nunciaret,
1579 544 1645 575 ne
1673 544 1791 576 eum

353 628 374 650 α
410 608 680 669 Lentulu8‚
716 618 769 654 et
803 608 1084 672 Cethegus,
1126 608 1309 672 aliique
1347 625 1410 656 ex
1445 607 1794 670 conjuratione

350 708 373 729 ι
412 686 738 750 deprehensi,
759 691 1004 735 terrerent
1024 704 1039 745 ;
1058 688 1222 751 eoque
1248 689 1405 752 magis
1422 697 1714 752 properaret
1731 686 1796 734 ad

348 787 371 808 ι
409 766 587 813 urbem
613 765 843 813 accedere
856 797 874 824 ‚
904 766 1009 829 quo
1031 775 1086 814 et
1107 764 1392 815 ceterorum
1420 768 1614 815 animos
1632 765 1797 814 refice-

348 865 371 886 «
408 855 511 904 ret,
536 855 586 892 et
605 844 680 891 illi
699 842 893 891 facilius
912 859 939 890 e
952 844 1183 907 periculo
1206 846 1574 908 eriperentur-a».v
1587 846 1686 894 Sed
1705 845 1796 893 ubi

349 923 654 985 Tarquinius
679 923 914 977 Crassum
932 918 1245 979 nominavit,
1270 923 1529 969 hominem
1546 923 1797 983 nobilem,

352 1001 609 1047 maxumis
624 997 815 1045 divitiis
829 1028 848 1057 .,
865 996 1060 1044 summa
1084 997 1310 1061 potentia
1332 1016 1347 1057 3
1371 999 1453 1045 alii
1470 1031 1488 1057 .‚
1506 1015 1611 1045 rem
1641 1002 1797 1047 incre·-

356 1076 565 1122 dibilem
581 1075 708 1133 rati¹5
726 1089 840 1136 pars
854 1104 874 1132 ‚
900 1083 1066 1120 tamen
1084 1075 1177 1120 etsi
1194 1090 1370 1121 verum
1396 1076 1766 1124 existumabant
1781 1111 1798 1138 .,

356 1166 555 1212 tamen,
581 1152 699 1216 qnia
740 1155 797 1199 in
823 1151 908 1199 tali
947 1162 1172 1216 tempore
1200 1163 1338 1200 tanta
1378 1154 1453 1200 vis
1483 1154 1704 1201 hominis
1730 1155 1797 1201 le—

354 1232 546 1280 niunda
564 1230 714 1295 quam
741 1230 1034 1293 exagitanda
1061 1230 1352 1292 videbatur,
1368 1233 1597 1297 plerique
1626 1233 1799 1282 Crasso

355 1328 419 1359 ex
444 1311 658 1375 negotiis
687 1310 895 1374 privatis
927 1310 1136 1358 obnoxii
1162 1311 1477 1359 conclamant
1494 1345 1511 1373 ‚
1540 1334 1562 1355 «ι
1583 1311 1798 1360 indicem

352 1412 375 1433 ι
411 1390 655 1450 falsum»,
676 1389 839 1453 deque
858 1389 912 1437 ea
939 1405 994 1436 re
1019 1390 1280 1453 postulant
1306 1392 1386 1439 uti
1411 1390 1668 1440 referatur.
1697 1393 1796 1439 lta-

350 1486 465 1535 que,
484 1469 779 1517 consulente
802 1468 1068 1529 Cicerones
1075 1469 1313 1533 frequens
1332 1483 1532 1520 senatus
1552 1471 1794 1519 decernit:

347 1571 369 1592 ι
406 1548 667 1612 Tarquinii
684 1548 930 1596 indicium
950 1547 1133 1596 falsum
1152 1550 1341 1610 videri3
1362 1564 1582 1615 eumque
1603 1552 1665 1598 in·
1681 1553 1789 1599 vin-

347 1644 375 1671 «
405 1628 530 1675 culis
563 1626 919 1687 retinendum,
944 1643 1112 1691 neque
1145 1628 1360 1693 amplius
1388 1640 1683 1694 potest-atem
1722 1631 1790 1677 fa·

345 1729 367 1751 ι
402 1706 655 1766 ciundam,
674 1706 772 1753 nisi
791 1706 851 1753 de
870 1722 930 1753 eo
948 1705 1192 1756 indicaret
1206 1708 1352 1770 cujus
1369 1709 1581 1757 consilio
1599 1720 1788 1758 tantam

347 1808 368 1831 ι
405 1801 512 1834 rem
540 1785 787 1834 mentitus
807 1793 937 1834 esset
957 1805 995 1833 n.
1011 1785 1168 1834 Erant
1192 1800 1253 1832 eo
1286 1796 1511 1849 tempore
1533 1788 1624 1849 qui
1645 1800 1791 1836 aestu-

345 1876 538 1912 mai-ent
563 1863 692 1912 illud
710 1880 737 1911 a
764 1867 819 1911 Ρ.
855 1865 1116 1912 Autronio
1149 1864 1520 1925 machinatum,
1544 1855 1648 1928 (ino
1674 1866 1789 1913 faci-

346 1942 446 1991 lins
466 1975 484 2002 .,
501 1943 747 2008 adpellato
767 1944 944 1991 Crasso
960 1975 978 2002 .,
1002 1959 1094 2007 per
1127 1945 1410 1991 societatem
1431 1944 1644 2007 periculi
1673 1944 1788 1992 reli-

350 2037 480 2085 quos
499 2020 636 2067 illius
652 2022 880 2082 potentia
906 2031 1109 2084 tegeret.
1136 2022 1241 2067 Alii
1262 2022 1593 2084 Tarquinium
1610 2038 1637 2069 a
1656 2024 1789 2071 Cice'-

348 2115 476 2147 rone
492 2098 773 2145 immissum
792 2097 988 2145 aiebant
1001 2129 1018 2157 ‚
1043 2115 1108 2146 ne
1129 2100 1332 2147 Crassus
1344 2132 1360 2159 .,
1380 2116 1519 2147 more
1537 2117 1630 2148 suo
1644 2133 1661 2160 .,
1679 2090 1787 2150 sus'-

345 2188 496 2243 cepto
524 2177 773 2225 malorum
801 2177 1111 2241 patrocinio,
1138 2178 1500 2246 rempublicam
1522 2181 1788 2229 conturba-

343 2267 438 2307 ret.
465 2259 641 2321 Ipsum
666 2257 894 2305 Crassum
924 2273 1014 2321 ego
1033 2268 1208 2320 postea
1225 2258 1574 2321 praedicantem
1592 2260 1787 2322 audivi,

346 2347 536 2386 tantam
548 2335 683 2383 illam
694 2336 1047 2384 contumeliam
1059 2337 1156 2386 sibi
1168 2338 1231 2388 ab
1242 2339 1478 2388 Cicerone
1486 2340 1785 2404 impositam.

413 2417 593 2464 XLIX.
630 2418 730 2485 Srn
762 2416 919 2463 isdem
958 2415 1273 2482 temporibus
1296 2419 1362 2480 Q.
1397 2419 1606 2469 Catulhs
1638 2431 1687 2469 et
1727 2422 1782 2470 C.

341 2496 463 2544 Piso
494 2510 658 2558 neque
691 2494 844 2558 gratia
864 2527 881 2555 ‚
911 2510 1078 2560 neque
1113 2496 1373 2561 precibus,
1401 2512 1563 2564 neque
1589 2501 1753 2565 pretio
1767 2533 1784 2560 .,

343 2575 632 2623 Ciceronem
669 2574 925 2638 impellere
950 2586 1165 2639 potuere
1182 2609 1199 2636 .,
1220 2578 1298 2625 uti
1327 2593 1418 2641 per
1437 2578 1747 2644 ¹Allobroges
1766 2612 1783 2638 ‚

343 2664 431 2701 aut
468 2652 624 2699 alium
659 2652 904 2714 indicem,
938 2655 994 2702 C.
1036 2656 1197 2704 Caesar
1234 2656 1360 2705 falso
1397 2658 1744 2706 nominaretur
1768 2677 1780 2705 ε

341 2748 461 2780 nam
480 2742 691 2795 uterque
711 2748 830 2780 cum
850 2732 939 2780 iuo
964 2734 1126 2796 gravis
1145 2736 1427 2783 inimicitias
1454 2736 1746 2784 exercebant
1767 2753 1782 2794 ;

341 2811 457 2858 Piso
477 2809 798 2875 obpugnatus
815 2811 877 2858 in‘
899 2810 1091 2874 judicio
1114 2813 1505 2877 repetundarum
1520 2848 1536 2875 .,
1571 2823 1781 2878 propter

343 2887 606 2951 cujusdam
632 2889 971 2957 Transpadani
997 2891 1301 2957 supplicium
1332 2875 1605 2956 injustum3
1628 2892 1778 2940 Catu-
