2150 3650
373 277 440 325 92
668 262 722 311 c.
762 262 1037 312 clusm
1081 257 1524 309 sA1-,Lus‘r11

369 359 681 425 luxuriaque
703 358 947 424 probra,
933 376 990 407 m
1013 359 1102 408 illo
1120 360 1347 409 exercitu
1363 370 1543 408 cuncta
1559 357 1698 408 fuere
1713 392 1731 422 ,
1756 371 1811 408 et

369 439 463 488 alia
485 438 713 505 amplius.
764 477 773 486 ,

440 521 592 566 XLV.
614 522 714 568 Su>
741 518 797 566 in
813 517 868 566 ea
889 517 1182 567 difficultate
1202 519 1466 568 Metellum
1485 534 1593 568 non
1610 516 1809 580 minus,
1871 555 1878 560 .

369 598 555 662 quim
540 614 595 645 in
622 598 771 646 rebus
793 597 1063 647 hostilibus
1075 631 1094 659 ,
1111 614 1350 663 magnum
1370 611 1421 647 et
1437 599 1708 664 sapientem
1728 599 1805 645 vi

366 693 483 724 rum
506 676 659 725 fuisse
691 678 974 742 comperior
995 695 1007 725 ε
1036 677 1174 726 tanti
1200 677 1526 743 temperantia
1550 678 1683 725 inter
1700 694 1807 725 am·

365 754 611 805 bitiouem
638 757 975 821 saevitiamque
1004 757 1347 806 moderatum!
1381 758 1611 821 Namque
1637 757 1802 808 edicto

363 834 587 900 primum
601 836 890 900 adjumenta
902 837 1108 903 ignaviae
1122 837 1376 888 sustulisse
1386 869 1403 898 ‚
1421 860 1441 880 α
1452 853 1518 886 ne
1536 839 1803 902 quisquam

361 936 384 958 ι
422 916 479 964 in
495 916 665 965 eastris
689 932 903 982 panem,
932 927 1019 965 aut
1046 933 1200 982 quem
1224 915 1375 964 alium
1403 928 1604 966 coetum
1630 915 1802 965 eibum

365 1016 388 1040 ι
425 995 691 1056 venderem
709 1012 772 1044 ne
787 997 901 1045 lixae
913 996 1186 1045 exereitum
1204 1006 1560 1059 sequerentur;
1578 1011 1642 1043 ne
1661 994 1801 1043 miles

363 1096 386 1119 u
424 1076 675 1140 gregarius
697 1077 753 1125 in
776 1077 970 1136 casu-is,
1002 1090 1129 1123 neve
1149 1077 1204 1123 in
1230 1075 1426 1139 agmine
1442 1108 1460 1135 ,
1486 1090 1687 1132 servum
1711 1083 1798 1122 aut

365 1176 387 1198 ει
422 1154 708 1218 jumentum
726 1155 932 1203 haberet
951 1177 987 1201 »-
1008 1155 1195 1203 Ceteris
1209 1166 1312 1203 arte
1329 1154 1541 1203 modum
1558 1155 1799 1206 statuisse.

363 1236 602 1283 Praeterea
627 1233 923 1284 transvorsis
954 1233 1217 1281 itineribus
1244 1233 1473 1297 quotidie
1507 1244 1666 1282 eastra
1687 1250 1798 1282 mo-

362 1330 503 1373 vere3
525 1312 668 1376 juxti
695 1330 750 1362 ac
776 1314 818 1361 si
836 1311 1006 1361 hostes
1036 1312 1295 1373 adessent,
1331 1312 1462 1376 vallo
1489 1324 1640 1379 atque
1666 1311 1795 1362 fossi

362 1392 588 1451 munire3
615 1392 806 1455 vigilias
830 1391 1022 1440 crebras
1046 1407 1262 1454 ponere,
1289 1401 1340 1438 et
1359 1391 1468 1455 ipse
1492 1409 1611 1440 eum
1629 1392 1800 1457 legatis

360 1469 619 1517 circumire
638 1485 654 1527 ;
676 1469 797 1516 item
829 1470 885 1516 in
912 1469 1110 1532 agmine
1136 1469 1191 1516 in
1216 1470 1393 1533 primis
1427 1469 1615 1531 modo,
1643 1471 1798 1521 modo

296 1610 301 1614 ⁸
357 1548 412 1595 in
452 1548 742 1610 postremis,
777 1547 905 1611 saepe
940 1547 996 1594 in
1020 1546 1195 1596 ,medio
1236 1546 1430 1609 adesse,
1454 1565 1519 1596 ne
1546 1549 1796 1615 quispiam

359 1625 535 1674 ordine
561 1625 900 1691 egrederetur,
921 1626 997 1674 uti
1018 1642 1137 1676 cum
1165 1627 1313 1692 signis
1347 1626 1638 1692 frequentes
1663 1631 1794 1678 inee-

358 1706 549 1767 derent,
567 1706 706 1754 miles
722 1706 893 1755 cibum
912 1718 962 1754 et
979 1722 1115 1754 arma
1131 1717 1371 1771 portaret.
1390 1709 1465 1756 Ita
1477 1708 1795 1773 prohibendo

357 1802 386 1835 a
415 1785 602 1841 delictis
615 1819 633 1848 ,
652 1786 804 1853 magis
822 1786 975 1853 quam
993 1786 1328 1851 vindicando,
1351 1789 1628 1838 exercitum
1652 1786 1791 1837 brevi

359 1866 693 1918 confirmavit.

428 1950 605 1997 XLVI.
628 1951 854 1996 larun
871 1950 905 1994 J
906 1947 1126 2011 ugurtha
1141 1982 1158 2010 ,
1176 1948 1265 1997 ubi
1278 1983 1295 2009 ‚
1311 1965 1423 2014 quae
1440 1948 1670 1997 Metellus
1686 1963 1791 2013 age-

358 2027 475 2089 bat,
497 2045 572 2077 .ex
598 2028 795 2077 nunciis
840 2028 1053 2093 accepit3
1096 2028 1244 2076 simul
1281 2028 1341 2076 de
1367 2027 1652 2077 innocentii
1680 2027 1789 2091 ejus

357 2108 541 2157 certior
577 2112 754 2158 Romae
774 2107 934 2159 factus
947 2141 966 2170 ,
991 2105 1234 2157 diffidere.
1248 2108 1350 2156 suis
1384 2108 1560 2168 rebus,
1592 2123 1646 2159 ac
1679 2118 1789 2155 tum

359 2188 562 2247 demum
579 2204 746 2236 veram
767 2187 1071 2236 deditionem
1092 2188 1248 2236 faeere
1269 2199 1479 2236 conatus
1497 2202 1584 2235 est.
1628 2187 1789 2250 Igitur

356 2268 542 2331 legatos
567 2267 631 2314 ad
654 2267 913 2316 consulem
940 2282 1058 2315 cum
1079 2267 1339 2332 suppliciis
1364 2267 1545 2326 mittit,
1566 2265 1655 2329 qui
1681 2275 1787 2312 tan-

358 2344 636 2393 tummodo.
649 2346 744 2408 ipsi
762 2343 1033 2407 liberisque
1050 2346 1205 2392 vitam
1231 2355 1458 2408 peterent
1471 2377 1489 2405 ,
1504 2345 1597 2392 alia
1622 2345 1788 2393 omnis

357 2421 593 2469 dederent
609 2422 802 2486 populo
823 2438 1045 2470 romano.
1073 2422 1171 2471 Sed
1196 2425 1401 2473 Metello
1426 2424 1526 2486 jam
1551 2435 1692 2472 antea
1711 2441 1789 2472 ex-

351 2500 643 2568 perimentis
686 2502 945 2565 cognitum
983 2512 1087 2549 erat
1120 2519 1276 2567 genus
1307 2503 1641 2553 Numidarum
1678 2502 1790 2551 infi-

356 2582 478 2630 dum
495 2614 512 2642 ,
526 2580 727 2643 ingenio
757 2579 961 2641 mobili,
980 2596 1226 2631 novarum
1251 2598 1418 2631 rerum
1444 2582 1665 2633 avidum.
1690 2585 1789 2630 Ita-

356 2678 454 2726 que
484 2659 670 2726 legatos
705 2659 879 2707 alium‘
902 2659 964 2707 ab
999 2659 1114 2711 alin.
1139 2660 1366 2711 divorsos
1395 2661 1705 2726 adgreditur3
1729 2677 1787 2712 ac

354 2740 614 2809 paullatim
632 2739 871 2791 tentando
886 2773 903 2801 ,
919 2750 1187 2805 postquam
1201 2751 1518 2806 opportunos
1531 2743 1785 2807 cognovit,
1865 2778 1870 2782 .

355 2823 514 2885 multa
537 2819 822 2891 pollicendo
842 2820 1132 2885 persuadet,
1149 2842 1169 2863 α
1195 2820 1271 2893 uti
1292 2823 1324 2868 J
1327 2820 1596 2886 ugurtham
1613 2836 1789 2869 maxu-
