2150 3650
771 282 1246 333 JUGURTHA.
1671 281 1796 347 ⁸9·

308 394 431 428 nem
443 378 655 429 deletam
671 379 896 447 populus
904 392 955 430 et
963 393 1163 430 senatus
1182 393 1417 430 romanus
1434 378 1627 445 placide
1636 396 1740 428 mo-

308 458 568 526 desteaepe'
551 470 684 510 mter
697 462 1119 527 setempublicam
1137 461 1437 521 tractabant3
1452 476 1617 524 neque
1627 460 1732 525 glo-

307 539 419 600 riae,
444 557 609 605 neque
641 540 996 590 dominationis
1021 552 1269 590 certamen
1294 543 1425 589 inter
1455 540 1579 588 civis
1603 550 1737 588 erat:

311 630 475 667 metus
505 619 750 669 hostilis
735 638 792 669 m
813 620 963 669 bonis
997 620 1191 670 artibus
1203 621 1461 668 civitatem
1485 618 1748 669 retinebat.
1807 627 1810 634 '

312 697 411 747 Sed
429 698 519 747 ubi
537 699 619 749 illa
643 698 862 749 formido
881 700 1137 749 mentibus
1162 698 1414 758 discessit;
1440 700 1628 748 scilicet
1653 715 1708 747 ea
1727 733 1745 761 ‚

314 792 428 841 quse
449 779 679 828 secundae
700 797 778 828 res
802 790 974 829 amant
989 812 1007 840 ‚
1031 779 1233 827 lascivia
1261 790 1411 842 atque
1428 778 1660 843 superbia
1675 779 1751 827 in—

313 871 514 906 cessere.
550 860 657 920 Ita,
688 859 830 923 quod
869 859 927 905 in
963 857 1189 906 advorsis
1232 857 1387 905 rebus
1426 868 1719 920 optaverant
1734 890 1752 918 ‚

314 936 475 985 otium
494 970 512 998 ‚
537 948 808 1001 postquam
845 935 1014 1002 adepti
1046 947 1201 997 sunt,
1224 936 1472 1000 asperius,
1509 936 1752 984 acerbius-

311 1032 410 1080 que
437 1014 557 1064 fuit.
586 1016 819 1079 Namque
844 1031 1036 1079 coepere
1053 1014 1292 1064 nobilitas
1315 1013 1607 1080 dignitatem
1623 1047 1641 1074 .,
1659 1031 1751 1078 po·

312 1094 467 1158 pulus
491 1094 773 1141 libertatem
795 1093 852 1141 iu
871 1092 1154 1142 lubidinem
1172 1103 1364 1141 vertere
1385 1110 1398 1141 ε
1427 1092 1523 1141 sibi
1541 1093 1756 1156 quisque
1819 1089 1824 1094 ’

317 1174 535 1233 ducere,
571 1172 802 1233 trahere,
835 1189 1020 1237 rapere.
1064 1173 1141 1222 Ita
1164 1173 1332 1221 omnia
1360 1172 1415 1219 in
1437 1172 1569 1221 duas
1603 1172 1759 1237 partis
1823 1177 1828 1183 ’

318 1252 564 1301 abstracta
584 1262 706 1300 sunt
728 1269 740 1299 :
759 1251 1069 1318 respublica,
1096 1269 1211 1318 quae
1233 1252 1394 1300 media
1420 1252 1584 1300 fuerat
1597 1286 1615 1313 .,
1638 1251 1759 1300 dila·

319 1342 500 1388 cerata.
538 1328 775 1380 Ceterum
809 1331 1044 1381 nobilitas
1077 1331 1295 1381 factione
1321 1332 1476 1398 magis
1509 1331 1760 1396 pollebat:

318 1410 481 1476 plebis
516 1412 593 1460 vis
627 1410 788 1460 soluta
807 1445 825 1473 ‚
859 1422 1011 1477 atque
1046 1411 1267 1477 dispersa
1309 1413 1366 1460 in
1399 1410 1724 1461 multitudine
1742 1444 1762 1473 ‚

320 1488 491 1539 miuus
510 1502 730 1556 poterat
762 1509 775 1541 z
805 1507 1086 1557 paucorum
1124 1491 1331 1553 arbitrio
1366 1490 1484 1540 belli
1521 1490 1762 1557 domique
1813 1501 1820 1510 “

317 1569 630 1636 agitabatur-z
656 1588 808 1637 penes
835 1571 1035 1621 eosdem
1054 1573 1313 1633 aerarium,
1335 1572 1635 1638 provinciae,
1659 1586 1762 1621 ma-

320 1651 558 1716 gistratus
573 1684 591 1712 ‚
616 1652 784 1716 gloriae
818 1652 1172 1716 triumphique
1209 1663 1384 1710 erant3
1409 1652 1636 1717 populus
1667 1652 1760 1699 mi·

319 1728 426 1777 litii
449 1740 600 1795 atque
625 1728 796 1794 inopii
820 1730 1157 1794 urguebatur;
1181 1730 1371 1793 praedas
1387 1729 1586 1779 bellicas
1603 1731 1760 1795 impe-

321 1818 513 1856 ratores
550 1822 668 1855 cum
705 1806 877 1870 paucis
913 1804 1230 1869 diripiebant.
1273 1808 1466 1854 Interea
1498 1817 1728 1870 parentes
1745 1839 1764 1868 ‚

324 1896 412 1934 aut
427 1885 571 1949 parvi
594 1884 739 1933 liberi
764 1884 983 1933 militum
997 1918 1015 1946 ‚
1031 1896 1093 1932 ut
1109 1885 1324 1949 quisque
1348 1884 1626 1949 potentiori
1641 1901 1763 1933 eon·

324 1963 440 2014 finis
477 1976 610 2025 erat,
654 1963 854 2012 sedibus
893 1963 1224 2028 pellebantur.
1270 1966 1345 2011 Ita
1378 1980 1498 2012 cum
1535 1965 1766 2028 potentia

327 2043 556 2102 avaritia,
596 2043 703 2090 sine
740 2042 1087 2106 modestiaque
1104 2075 1122 2103 ‚
1147 2042 1411 2103 invadere,
1446 2042 1675 2106 polluere
1710 2055 1766 2093 et
1826 2050 1830 2054 '

328 2132 518 2169 vastare
558 2121 750 2179 omnia3
797 2120 924 2168 nihil
965 2122 1112 2185 pensi
1148 2136 1312 2186 neque
1345 2121 1506 2169 sancti
1545 2122 1728 2172 habere
1743 2158 1763 2185 ‚

328 2200 499 2267 quoad
517 2210 671 2248 semet
692 2200 799 2264 ipsa
824 2200 1169 2265 precipitavit.
1196 2201 1326 2250 Nam
1347 2200 1437 2249 ubi
1453 2199 1676 2266 primum
1700 2220 1770 2252 ex

326 2279 591 2330 nobilitate
615 2280 800 2345 reperti
826 2290 948 2327 sunt
964 2313 982 2341 ‚
1017 2279 1110 2345 qui
1137 2294 1306 2353 veram
1329 2278 1539 2345 gloriam
1561 2282 1762 2346 injustae

326 2361 566 2427 potentiae
591 2369 953 2426 anteponerent
972 2377 987 2420 ;
1023 2359 1218 2409 moveri
1235 2359 1409 2408 civitas
1427 2393 1446 2422 ‚
1469 2370 1521 2408 et
1543 2363 1764 2427 permix-

327 2442 403 2489 tio
428 2423 591 2488 ⁴civilis
611 2473 629 2500 .,
649 2440 792 2503 quasi
813 2440 1046 2488 discessio
1075 2450 1216 2488 terrae
1233 2472 1252 2500 ‚
1273 2440 1391 2488 oriri
1419 2440 1586 2506 coepit.
1657 2458 1662 2464 ·

398 2520 556 2568 XLII.
582 2519 711 2567 Nur
743 2530 1013 2584 postquam
1045 2518 1275 2568 Tiberius
1307 2532 1358 2568 et
1391 2521 1446 2570 C.
1479 2520 1766 2586 Gracchus,

328 2614 548 2664 quorum
585 2596 794 2660 majores
817 2599 1008 2662 punico
1044 2608 1196 2662 atque
1232 2598 1338 2647 aliis
1370 2598 1513 2648 bellis
1540 2600 1760 2652 multum

332 2677 617 2742 reipublicoe
641 2675 958 2738 addiderant,
981 2677 1232 2726 vindicare
1261 2677 1460 2742 plebem
1486 2679 1544 2727 in
1566 2681 1765 2737 liberta·

333 2769 434 2806 tem
454 2768 504 2805 et
515 2772 793 2822 paucorum
811 2756 990 2805 seelera
1003 2757 1276 2821 patefacere
1292 2773 1509 2823 coepere;
1524 2760 1772 2820 nobilitans

333 2836 484 2887 noxia
498 2868 515 2899 ‚
537 2848 686 2904 atque
703 2853 764 2887 eo
781 2835 1003 2906 perculsa
1013 2867 1032 2898 ‚
1049 2835 1204 2886 modo
1219 2851 1310 2902 per
1327 2837 1489 2886 socios
1505 2853 1562 2897 ac
1579 2853 1770 2909 nomeu

1486 2918 1535 2964 8.
