2150 3650
698 424 711 441 ,
836 370 877 419 C
889 370 937 419 A
952 371 994 418 T
1006 372 1030 418 1
1043 371 1084 418 L
1098 369 1123 416 1
1139 369 1188 419 N
1203 366 1266 417 A.
1726 363 1791 423 39
1831 392 1836 397 -

360 487 381 510 ι
419 475 569 530 atque
588 466 683 515 tela
705 465 933 516 militaria
953 466 1014 514 ab
1034 466 1371 524 Samnitibus,
1387 461 1598 527 insignia
1621 458 1799 524 magis-

358 565 379 588 ·
416 555 637 594 tratuum
649 546 710 594 ab
728 547 905 594 Tuscis
924 547 1163 611 pleraque
1180 553 1491 594 sumserunt:
1513 538 1800 607 postrema,

357 645 380 666 κ
416 625 558 688 quod
577 625 769 689 ubique
785 626 922 689 apud
938 626 1104 674 socios
1123 636 1210 674 aut
1228 625 1390 685 hostis
1407 623 1648 671 idoneum
1660 618 1798 666 vide·

354 724 378 746 u
411 703 585 765 batur,
620 718 738 753 cum
768 721 969 759 summo
996 705 1168 753 studio
1197 705 1337 752 domi
1360 700 1798 765 exsequebantur:

357 803 379 824 α
415 783 625 845 imitari,
655 783 806 849 quam
835 783 1060 832 invidere
1086 784 1263 844 bonis,
1288 782 1550 830 malebant.
1588 777 1687 829 Sed
1713 793 1798 826 eo-

355 881 377 904 ·
413 860 527 909 dem
546 862 636 911 illo
659 873 890 926 tempore
909 895 927 923 ,
963 863 1163 910 Graeeiae
1182 879 1373 910 morem
1400 860 1607 919 imitati,
1623 856 1798 906 verbe—

353 960 375 983 ·
411 926 555 988 ribus
587 939 1055 989 animadvertebant
1086 941 1144 987 in
1175 940 1297 987 civis
1310 971 1327 998 ,
1363 939 1426 986 de
1458 935 1802 986 condemnatis

354 1039 376 1061 ι
413 1034 671 1081 summum
700 1018 1008 1081 supplicium
1027 1017 1308 1065 sumebant.
1326 1018 1599 1079 Postquam
1628 1028 1801 1075 respu-

353 1117 376 1139 ι
412 1095 540 1142 blica
577 1094 800 1143 adolevit
847 1105 898 1143 et
934 1095 1266 1143 multitudine
1315 1094 1503 1141 civium
1559 1092 1801 1141 factiones

356 1195 379 1216 α
417 1173 646 1234 valuere,
682 1173 1046 1221 circumvenire
1077 1174 1378 1223 innocentes
1393 1205 1411 1233 ,
1444 1171 1536 1219 alia
1568 1169 1803 1232 hujusce-

355 1272 378 1294 «
416 1252 556 1300 modi
591 1250 701 1301 fieri
736 1267 945 1316 coepere.
965 1253 1099 1300 Tum
1117 1253 1198 1301 lex
1226 1253 1402 1301 Porcia
1428 1252 1635 1315 aliaeque
1659 1264 1802 1313 para-

352 1352 377 1379 .«
418 1336 508 1391 α,
536 1330 723 1396 quibus
741 1330 937 1395 legibus
962 1332 1197 1380 exsilium
1224 1330 1467 1379 damnatis
1486 1328 1802 1395 permissum.

352 1431 375 1452 α
410 1410 552 1458 Hanc
570 1426 660 1476 ego
688 1424 938 1471 caussam,
969 1420 1137 1475 patres
1162 1411 1468 1475 conscripti,
1498 1410 1603 1475 que
1630 1405 1800 1479 minus

353 1510 374 1531 α
412 1504 607 1537 novum
642 1489 912 1538 eonsilium
945 1491 1199 1554 capiamus
1217 1523 1233 1549 ,
1275 1491 1329 1537 iu
1364 1489 1538 1554 primis
1570 1503 1800 1553 magnam

351 1589 373 1609 α
409 1579 555 1631 puto.
606 1569 841 1618 profecte)
878 1568 1040 1618 virtus
1087 1581 1239 1633 atque
1278 1569 1516 1634 sapientia
1551 1568 1712 1631 major
1744 1568 1801 1615 in

350 1667 373 1689 ι
409 1646 504 1695 illis
532 1647 630 1696 fuit
667 1649 757 1712 qni
793 1664 858 1695 ex
886 1649 1057 1713 parvis
1083 1648 1267 1713 opibus
1297 1659 1496 1697 tentum
1529 1649 1797 1712 imperium

352 1742 379 1768 ι’
412 1726 596 1787 fecere,
623 1724 777 1790 quam
800 1728 857 1774 in
881 1727 1031 1775 nobis
1065 1729 1156 1791 qui
1177 1743 1233 1775 ea
1258 1727 1388 1776 bene
1404 1737 1545 1791 parta
1565 1728 1653 1799 νίζε
1680 1727 1796 1775 reti-

352 1828 373 1849 «
411 1822 608 1854 nemus.
636 1806 807 1854 Placet
830 1805 986 1869 igitur
1006 1804 1107 1857 leos
1136 1805 1350 1866 dimitti,
1371 1816 1422 1853 et
1451 1807 1624 1869 augeri
1658 1822 1799 1855 exer·

352 1907 375 1928 κ
413 1887 574 1934 citum
595 1885 854 1934 Catilinae?
883 1884 1134 1934 minum&
1168 1883 1266 1933 Sed
1298 1885 1369 1933 ita
1393 1899 1599 1934 censeo:
1623 1885 1796 1933 Publi—

350 1984 373 2005 «
411 1965 590 2011 caudas
620 1978 799 2013 eorum
830 1965 1068 2027 pecunias
1086 1997 1103 2024 ,
1136 1964 1274 2027 ipsos
1293 1964 1349 2010 in
1365 1963 1579 2011 vinculis
1612 1963 1797 2012 haben-

354 2060 376 2082 «
417 2039 510 2087 dos
546 2056 637 2102 per
666 2040 938 2103 municipia
971 2056 1087 2103 quae
1121 2041 1366 2088 maxume'
1388 2040 1573 2104 opibus
1602 2042 1798 2090 valent:

354 2139 376 2161 ιι
414 2133 518 2165 neu
553 2118 668 2183 quis
706 2116 768 2165 de
798 2117 879 2164 bis
904 2127 1082 2181 postea
1105 2116 1169 2165 ad
1196 2128 1424 2167 senatum
1450 2119 1654 2182 referat,
1674 2137 1801 2170 neve

351 2218 375 2241 a
410 2212 529 2245 cnm
566 2196 765 2262 populo
813 2207 925 2262 agat
953 2213 967 2244 τ
1008 2197 1101 2260 qui
1143 2196 1289 2245 aliter
1333 2196 1504 2246 fecerit
1522 2232 1538 2260 ,
1569 2212 1797 2250 senatum

347 2299 371 2322 ι
409 2277 737 2336 existumare,
765 2291 883 2324 eum
912 2286 1089 2325 contra
1119 2276 1479 2342 rempublicam
1506 2290 1557 2328 et
1582 2281 1793 2331 salutem

347 2377 369 2399 u
408 2356 637 2404 omnium
655 2354 925 2404 facturum.
947 2376 970 2399 a·
1693 2405 1701 2414 ,

417 2436 529 2483 LII.
562 2438 841 2492 Pos‘rQunt
860 2436 1020 2485 Caesar
1044 2435 1246 2485 dicendi
1262 2435 1416 2486 finem
1447 2438 1595 2501 feeit,
1613 2441 1765 2489 ceteri
1779 2476 1795 2504 ‚

350 2513 507 2562 verbo
525 2513 666 2575 alius,
685 2513 767 2561 alii
783 2515 936 2577 varie,
952 2515 1379 2566 adsentiebantur.
1394 2518 1465 2566 At
1490 2521 1567 2568 M.
1584 2521 1793 2569 Porcius

347 2595 470 2643 Cato
484 2627 501 2656 ,
532 2603 737 2657 rogatus
768 2594 1093 2656 sententiam,
1129 2595 1485 2660 hujuscemodi
1513 2600 1790 2650 orationem

346 2672 526 2721 habuit
546 2688 558 2719 :
852 2719 857 2726 ,

416 2773 439 2794 κ
473 2751 644 2815 Longe
677 2752 805 2799 mihi
840 2751 930 2799 alin
971 2769 1112 2802 mens
1151 2765 1253 2816 est,
1282 2766 1449 2821 patres
1486 2759 1789 2824 conscripti,

346 2851 367 2872 α
404 2846 564 2894 quum
583 2846 662 2878 res
671 2842 821 2895 atque
835 2832 1055 2895 pericula
1068 2835 1538 2897 nostraconsidero,
1562 2847 1612 2885 et
1626 2853 1785 2900 quum

345 2928 369 2952 α
406 2909 672 2959 sententias
695 2909 1061 2963 nonnullorum
1089 2927 1286 2963 meeum
1320 2915 1428 2979 ipse
1465 2924 1668 2978 reputo.
1706 2914 1786 2964 Illi
