<?xml version="1.0" encoding="UTF-8"?>
<!DOCTYPE html PUBLIC "-//W3C//DTD XHTML 1.0 Transitional//EN"
    "http://www.w3.org/TR/xhtml1/DTD/xhtml1-transitional.dtd">
<html xmlns="http://www.w3.org/1999/xhtml" xml:lang="en" lang="en">
 <head>
  <title>
</title>
<meta http-equiv="Content-Type" content="text/html;charset=utf-8" />
  <meta name='ocr-system' content='tesseract 3.04.00' />
  <meta name='ocr-capabilities' content='ocr_page ocr_carea ocr_par ocr_line ocrx_word'/>
</head>
<body>
  <div class='ocr_page' id='page_1' title='image "./catilinariaetju00sallgoog_0163.png"; bbox 0 0 2150 3650; ppageno 0'>
   <div class='ocr_carea' id='block_1_1' title="bbox 748 362 1701 437">
    <p class='ocr_par' dir='ltr' id='par_1_1' title="bbox 748 362 1701 437">
     <span class='ocr_line' id='line_1_1' title="bbox 748 362 1701 437; baseline 0.002 -22"><span class='ocrx_word' id='word_1_1' title='bbox 748 362 1226 437; x_wconf 69' lang='lat' dir='ltr'><strong>JUGJURTHA.</strong></span> <span class='ocrx_word' id='word_1_2' title='bbox 1609 368 1701 417; x_wconf 75' lang='lat'><strong>131</strong></span> 
     </span>
    </p>
   </div>
   <div class='ocr_carea' id='block_1_2' title="bbox 250 451 1761 2977">
    <p class='ocr_par' dir='ltr' id='par_1_2' title="bbox 250 451 1761 2977">
     <span class='ocr_line' id='line_1_2' title="bbox 267 451 1716 531; baseline -0.001 -18"><span class='ocrx_word' id='word_1_3' title='bbox 267 466 410 531; x_wconf 78' lang='lat' dir='ltr'><strong>piam</strong></span> <span class='ocrx_word' id='word_1_4' title='bbox 429 462 672 512; x_wconf 79' lang='lat' dir='ltr'><strong>frumenti</strong></span> <span class='ocrx_word' id='word_1_5' title='bbox 698 465 880 525; x_wconf 86' lang='lat' dir='ltr'><strong>lenire,</strong></span> <span class='ocrx_word' id='word_1_6' title='bbox 898 475 948 512; x_wconf 89' lang='lat' dir='ltr'><strong>et</strong></span> <span class='ocrx_word' id='word_1_7' title='bbox 962 496 979 525; x_wconf 94' lang='lat'><strong>,</strong></span> <span class='ocrx_word' id='word_1_8' title='bbox 998 451 1183 529; x_wconf 75' lang='lat' dir='ltr'><strong>ignaris</strong></span> <span class='ocrx_word' id='word_1_9' title='bbox 1206 464 1441 513; x_wconf 87' lang='lat' dir='ltr'><strong>omnibus</strong></span> <span class='ocrx_word' id='word_1_10' title='bbox 1454 496 1472 525; x_wconf 86' lang='lat'><strong>,</strong></span> <span class='ocrx_word' id='word_1_11' title='bbox 1503 481 1678 529; x_wconf 81' lang='lat' dir='ltr'><strong>parare</strong></span> <span class='ocrx_word' id='word_1_12' title='bbox 1699 498 1716 528; x_wconf 89' lang='lat'><strong>,</strong></span> 
     </span>
     <span class='ocr_line' id='line_1_3' title="bbox 269 542 1719 608; baseline -0.001 -16"><span class='ocrx_word' id='word_1_13' title='bbox 269 560 390 608; x_wconf 83' lang='lat' dir='ltr'><strong>quae</strong></span> <span class='ocrx_word' id='word_1_14' title='bbox 415 560 536 592; x_wconf 84' lang='lat' dir='ltr'><strong>mox</strong></span> <span class='ocrx_word' id='word_1_15' title='bbox 560 545 674 591; x_wconf 82' lang='lat' dir='ltr'><strong>usui</strong></span> <span class='ocrx_word' id='word_1_16' title='bbox 708 542 889 592; x_wconf 85' lang='lat' dir='ltr'><strong>forent.</strong></span> <span class='ocrx_word' id='word_1_17' title='bbox 917 544 1150 607; x_wconf 86' lang='lat' dir='ltr'><strong>Denique</strong></span> <span class='ocrx_word' id='word_1_18' title='bbox 1171 555 1313 591; x_wconf 83' lang='lat' dir='ltr'><strong>sexto</strong></span> <span class='ocrx_word' id='word_1_19' title='bbox 1332 543 1412 591; x_wconf 87' lang='lat' dir='ltr'><strong>die</strong></span> <span class='ocrx_word' id='word_1_20' title='bbox 1434 578 1449 603; x_wconf 90' lang='lat'><strong>,</strong></span> <span class='ocrx_word' id='word_1_21' title='bbox 1469 560 1629 608; x_wconf 89' lang='lat' dir='ltr'><strong>quum</strong></span> <span class='ocrx_word' id='word_1_22' title='bbox 1655 544 1719 591; x_wconf 83' lang='lat' dir='ltr'><strong>ad</strong></span> 
     </span>
     <span class='ocr_line' id='line_1_4' title="bbox 271 621 1721 682; baseline 0.001 -13"><span class='ocrx_word' id='word_1_23' title='bbox 271 622 469 670; x_wconf 79' lang='lat' dir='ltr'><strong>flumen</strong></span> <span class='ocrx_word' id='word_1_24' title='bbox 488 633 698 670; x_wconf 87' lang='lat' dir='ltr'><strong>ventum</strong></span> <span class='ocrx_word' id='word_1_25' title='bbox 717 633 791 669; x_wconf 89' lang='lat' dir='ltr'><strong>est</strong></span> <span class='ocrx_word' id='word_1_26' title='bbox 809 655 826 682; x_wconf 89' lang='lat'><strong>,</strong></span> <span class='ocrx_word' id='word_1_27' title='bbox 854 637 1086 668; x_wconf 76' lang='lat' dir='ltr'><strong>maxuma</strong></span> <span class='ocrx_word' id='word_1_28' title='bbox 1106 622 1182 667; x_wconf 81' lang='lat' dir='ltr'><strong>vis</strong></span> <span class='ocrx_word' id='word_1_29' title='bbox 1207 622 1402 668; x_wconf 88' lang='lat' dir='ltr'><strong>utrium</strong></span> <span class='ocrx_word' id='word_1_30' title='bbox 1425 621 1616 670; x_wconf 82' lang='lat' dir='ltr'><strong>effecta.</strong></span> <span class='ocrx_word' id='word_1_31' title='bbox 1642 623 1721 671; x_wconf 88' lang='lat' dir='ltr'><strong>Ibi</strong></span> 
     </span>
     <span class='ocr_line' id='line_1_5' title="bbox 250 697 1725 771; baseline -0.001 -22"><span class='ocrx_word' id='word_1_32' title='bbox 250 701 453 771; x_wconf 28' lang='lat' dir='ltr'><strong>&#39;casttis</strong></span> <span class='ocrx_word' id='word_1_33' title='bbox 469 700 572 747; x_wconf 85' lang='lat' dir='ltr'><strong>levi</strong></span> <span class='ocrx_word' id='word_1_34' title='bbox 589 698 903 749; x_wconf 88' lang='lat' dir='ltr'><strong>munimento</strong></span> <span class='ocrx_word' id='word_1_35' title='bbox 920 699 1125 764; x_wconf 81' lang='lat' dir='ltr'><strong>positis,</strong></span> <span class='ocrx_word' id='word_1_36' title='bbox 1144 698 1323 745; x_wconf 85' lang='lat' dir='ltr'><strong>milites</strong></span> <span class='ocrx_word' id='word_1_37' title='bbox 1342 697 1511 747; x_wconf 86' lang='lat' dir='ltr'><strong>cibum</strong></span> <span class='ocrx_word' id='word_1_38' title='bbox 1529 716 1725 766; x_wconf 81' lang='lat' dir='ltr'><strong>capere,</strong></span> 
     </span>
     <span class='ocr_line' id='line_1_6' title="bbox 275 775 1721 844; baseline -0.001 -17"><span class='ocrx_word' id='word_1_39' title='bbox 275 790 458 843; x_wconf 74' lang='lat' dir='ltr'><strong>atque,</strong></span> <span class='ocrx_word' id='word_1_40' title='bbox 479 778 558 826; x_wconf 89' lang='lat' dir='ltr'><strong>uti</strong></span> <span class='ocrx_word' id='word_1_41' title='bbox 585 779 736 826; x_wconf 88' lang='lat' dir='ltr'><strong>simul</strong></span> <span class='ocrx_word' id='word_1_42' title='bbox 760 782 1079 826; x_wconf 76' lang='lat' dir='ltr'><strong>eum‘oeeasu</strong></span> <span class='ocrx_word' id='word_1_43' title='bbox 1104 775 1224 824; x_wconf 88' lang='lat' dir='ltr'><strong>solis</strong></span> <span class='ocrx_word' id='word_1_44' title='bbox 1244 775 1620 839; x_wconf 82' lang='lat' dir='ltr'><strong>egrederentur,</strong></span> <span class='ocrx_word' id='word_1_45' title='bbox 1637 796 1721 844; x_wconf 81' lang='lat' dir='ltr'><strong>pa·</strong></span> 
     </span>
     <span class='ocr_line' id='line_1_7' title="bbox 276 852 1725 922; baseline -0.003 -15"><span class='ocrx_word' id='word_1_46' title='bbox 276 868 419 908; x_wconf 79' lang='lat' dir='ltr'><strong>ratos</strong></span> <span class='ocrx_word' id='word_1_47' title='bbox 455 874 561 906; x_wconf 88' lang='lat' dir='ltr'><strong>esse</strong></span> <span class='ocrx_word' id='word_1_48' title='bbox 590 857 735 920; x_wconf 85' lang='lat' dir='ltr'><strong>jubet</strong></span> <span class='ocrx_word' id='word_1_49' title='bbox 768 872 782 913; x_wconf 89' lang='lat'>;</span> <span class='ocrx_word' id='word_1_50' title='bbox 811 854 1047 902; x_wconf 88' lang='lat' dir='ltr'><strong>omnibus</strong></span> <span class='ocrx_word' id='word_1_51' title='bbox 1089 854 1291 901; x_wconf 81' lang='lat' dir='ltr'><strong>sarcinis</strong></span> <span class='ocrx_word' id='word_1_52' title='bbox 1332 852 1560 915; x_wconf 84' lang='lat' dir='ltr'><strong>abjectis,</strong></span> <span class='ocrx_word' id='word_1_53' title='bbox 1596 857 1725 922; x_wconf 61' lang='lat' dir='ltr'><strong>aqui</strong></span> 
     </span>
     <span class='ocr_line' id='line_1_8' title="bbox 280 932 1726 999; baseline -0.002 -14"><span class='ocrx_word' id='word_1_54' title='bbox 280 936 443 985; x_wconf 77' lang='lat' dir='ltr'><strong>modo</strong></span> <span class='ocrx_word' id='word_1_55' title='bbox 476 951 627 999; x_wconf 89' lang='lat' dir='ltr'><strong>seque</strong></span> <span class='ocrx_word' id='word_1_56' title='bbox 656 944 708 981; x_wconf 89' lang='lat' dir='ltr'><strong>et</strong></span> <span class='ocrx_word' id='word_1_57' title='bbox 739 934 966 996; x_wconf 81' lang='lat' dir='ltr'><strong>jumenta</strong></span> <span class='ocrx_word' id='word_1_58' title='bbox 1004 947 1223 980; x_wconf 81' lang='lat' dir='ltr'><strong>onerare.</strong></span> <span class='ocrx_word' id='word_1_59' title='bbox 1260 932 1391 979; x_wconf 85' lang='lat' dir='ltr'>Dein</span> <span class='ocrx_word' id='word_1_60' title='bbox 1407 965 1424 992; x_wconf 90' lang='lat'><strong>,</strong></span> <span class='ocrx_word' id='word_1_61' title='bbox 1457 945 1726 997; x_wconf 76' lang='lat' dir='ltr'><strong>postquam</strong></span> 
     </span>
     <span class='ocr_line' id='line_1_9' title="bbox 277 1007 1730 1078; baseline -0.002 -14"><span class='ocrx_word' id='word_1_62' title='bbox 277 1028 488 1078; x_wconf 88' lang='lat' dir='ltr'><strong>tempus</strong></span> <span class='ocrx_word' id='word_1_63' title='bbox 507 1014 701 1071; x_wconf 75' lang='lat' dir='ltr'><strong>visum,</strong></span> <span class='ocrx_word' id='word_1_64' title='bbox 729 1007 902 1059; x_wconf 75' lang='lat' dir='ltr'><strong>castfls</strong></span> <span class='ocrx_word' id='word_1_65' title='bbox 932 1010 1186 1076; x_wconf 84' lang='lat' dir='ltr'><strong>egreditur</strong></span> <span class='ocrx_word' id='word_1_66' title='bbox 1204 1043 1220 1070; x_wconf 88' lang='lat'><strong>‚</strong></span> <span class='ocrx_word' id='word_1_67' title='bbox 1248 1022 1549 1074; x_wconf 82' lang='lat' dir='ltr'><strong>noctemque</strong></span> <span class='ocrx_word' id='word_1_68' title='bbox 1569 1023 1730 1061; x_wconf 78' lang='lat' dir='ltr'><strong>totam</strong></span> 
     </span>
     <span class='ocr_line' id='line_1_10' title="bbox 277 1087 1730 1154; baseline 0.001 -15"><span class='ocrx_word' id='word_1_69' title='bbox 277 1095 466 1143; x_wconf 81' lang='lat' dir='ltr'><strong>itinere</strong></span> <span class='ocrx_word' id='word_1_70' title='bbox 493 1090 626 1138; x_wconf 79' lang='lat' dir='ltr'><strong>facto</strong></span> <span class='ocrx_word' id='word_1_71' title='bbox 646 1123 663 1149; x_wconf 90' lang='lat'><strong>,</strong></span> <span class='ocrx_word' id='word_1_72' title='bbox 701 1089 926 1137; x_wconf 80' lang='lat' dir='ltr'><strong>consedit</strong></span> <span class='ocrx_word' id='word_1_73' title='bbox 955 1106 966 1137; x_wconf 79' lang='lat' dir='ltr'><strong><em>z</em></strong></span> <span class='ocrx_word' id='word_1_74' title='bbox 994 1090 1128 1137; x_wconf 86' lang='lat' dir='ltr'><strong>idem</strong></span> <span class='ocrx_word' id='word_1_75' title='bbox 1160 1089 1411 1154; x_wconf 56' lang='lat' dir='ltr'><strong>proxuma</strong></span> <span class='ocrx_word' id='word_1_76' title='bbox 1444 1087 1593 1138; x_wconf 83' lang='lat' dir='ltr'><strong>facit:</strong></span> <span class='ocrx_word' id='word_1_77' title='bbox 1615 1091 1730 1140; x_wconf 81' lang='lat' dir='ltr'><strong>dein</strong></span> 
     </span>
     <span class='ocr_line' id='line_1_11' title="bbox 284 1167 1732 1232; baseline -0.002 -10"><span class='ocrx_word' id='word_1_78' title='bbox 284 1170 458 1232; x_wconf 61' lang='lat' dir='ltr'><strong>tertia,</strong></span> <span class='ocrx_word' id='word_1_79' title='bbox 474 1170 637 1218; x_wconf 76' lang='lat' dir='ltr'><strong>multo</strong></span> <span class='ocrx_word' id='word_1_80' title='bbox 656 1179 771 1217; x_wconf 79' lang='lat' dir='ltr'><strong>ante</strong></span> <span class='ocrx_word' id='word_1_81' title='bbox 780 1167 913 1218; x_wconf 72' lang='lat' dir='ltr'><strong>heis</strong></span> <span class='ocrx_word' id='word_1_82' title='bbox 934 1169 1224 1229; x_wconf 79' lang='lat' dir='ltr'><strong>adventum,</strong></span> <span class='ocrx_word' id='word_1_83' title='bbox 1242 1169 1472 1232; x_wconf 70' lang='lat' dir='ltr'><strong>pervenit</strong></span> <span class='ocrx_word' id='word_1_84' title='bbox 1488 1170 1544 1216; x_wconf 85' lang='lat' dir='ltr'><strong>in</strong></span> <span class='ocrx_word' id='word_1_85' title='bbox 1561 1170 1732 1219; x_wconf 84' lang='lat' dir='ltr'><strong>locum</strong></span> 
     </span>
     <span class='ocr_line' id='line_1_12' title="bbox 285 1246 1736 1312; baseline 0 -13"><span class='ocrx_word' id='word_1_86' title='bbox 285 1251 643 1310; x_wconf 75' lang='lat' dir='ltr'><strong>tumulosum,</strong></span> <span class='ocrx_word' id='word_1_87' title='bbox 669 1247 731 1297; x_wconf 78' lang='lat' dir='ltr'><strong>ab</strong></span> <span class='ocrx_word' id='word_1_88' title='bbox 760 1248 916 1312; x_wconf 70' lang='lat' dir='ltr'><strong>Capszi</strong></span> <span class='ocrx_word' id='word_1_89' title='bbox 946 1264 1053 1296; x_wconf 89' lang='lat' dir='ltr'><strong>non</strong></span> <span class='ocrx_word' id='word_1_90' title='bbox 1085 1247 1296 1311; x_wconf 74' lang='lat' dir='ltr'><strong>amplius</strong></span> <span class='ocrx_word' id='word_1_91' title='bbox 1324 1246 1484 1295; x_wconf 68' lang='lat' dir='ltr'><strong>duum</strong></span> <span class='ocrx_word' id='word_1_92' title='bbox 1518 1250 1736 1299; x_wconf 83' lang='lat' dir='ltr'><strong>millium</strong></span> 
     </span>
     <span class='ocr_line' id='line_1_13' title="bbox 287 1326 1735 1392; baseline -0.001 -13"><span class='ocrx_word' id='word_1_93' title='bbox 287 1328 564 1380; x_wconf 83' lang='lat' dir='ltr'><strong>intervallo</strong></span> <span class='ocrx_word' id='word_1_94' title='bbox 584 1344 598 1388; x_wconf 72' lang='grc' dir='ltr'><strong>ς</strong></span> <span class='ocrx_word' id='word_1_95' title='bbox 616 1328 788 1392; x_wconf 83' lang='lat' dir='ltr'><strong>ibique</strong></span> <span class='ocrx_word' id='word_1_96' title='bbox 806 1360 823 1387; x_wconf 88' lang='lat'><strong>‚</strong></span> <span class='ocrx_word' id='word_1_97' title='bbox 850 1326 999 1391; x_wconf 56' lang='lat' dir='ltr'><strong>quim</strong></span> <span class='ocrx_word' id='word_1_98' title='bbox 1020 1329 1371 1376; x_wconf 71' lang='lat' dir='ltr'><strong>occultissume</strong></span> <span class='ocrx_word' id='word_1_99' title='bbox 1388 1338 1555 1391; x_wconf 87' lang='lat' dir='ltr'><strong>potest</strong></span> <span class='ocrx_word' id='word_1_100' title='bbox 1566 1362 1583 1391; x_wconf 93' lang='lat'><strong>,</strong></span> <span class='ocrx_word' id='word_1_101' title='bbox 1618 1345 1735 1378; x_wconf 81' lang='lat' dir='ltr'><strong>cum</strong></span> 
     </span>
     <span class='ocr_line' id='line_1_14' title="bbox 292 1403 1735 1474; baseline 0.001 -16"><span class='ocrx_word' id='word_1_102' title='bbox 292 1407 537 1458; x_wconf 84' lang='lat' dir='ltr'><strong>omnibus</strong></span> <span class='ocrx_word' id='word_1_103' title='bbox 557 1408 713 1472; x_wconf 87' lang='lat' dir='ltr'><strong>copiis</strong></span> <span class='ocrx_word' id='word_1_104' title='bbox 728 1403 1009 1473; x_wconf 69' lang='lat' dir='ltr'><strong>opperitur.-</strong></span> <span class='ocrx_word' id='word_1_105' title='bbox 1029 1407 1128 1455; x_wconf 84' lang='lat' dir='ltr'><strong>Sed</strong></span> <span class='ocrx_word' id='word_1_106' title='bbox 1148 1406 1237 1454; x_wconf 89' lang='lat' dir='ltr'><strong>ubi</strong></span> <span class='ocrx_word' id='word_1_107' title='bbox 1257 1407 1360 1455; x_wconf 82' lang='lat' dir='ltr'><strong>dies</strong></span> <span class='ocrx_word' id='word_1_108' title='bbox 1370 1408 1541 1474; x_wconf 84' lang='lat' dir='ltr'><strong>eoepit,</strong></span> <span class='ocrx_word' id='word_1_109' title='bbox 1557 1420 1610 1457; x_wconf 82' lang='lat' dir='ltr'><strong>et</strong></span> <span class='ocrx_word' id='word_1_110' title='bbox 1625 1409 1735 1459; x_wconf 76' lang='lat' dir='ltr'><strong>Nu·</strong></span> 
     </span>
     <span class='ocr_line' id='line_1_15' title="bbox 294 1485 1735 1554; baseline 0.001 -17"><span class='ocrx_word' id='word_1_111' title='bbox 294 1485 477 1550; x_wconf 71' lang='lat' dir='ltr'><strong>midae,</strong></span> <span class='ocrx_word' id='word_1_112' title='bbox 503 1487 633 1535; x_wconf 84' lang='lat' dir='ltr'><strong>nihil</strong></span> <span class='ocrx_word' id='word_1_113' title='bbox 657 1486 841 1536; x_wconf 83' lang='lat' dir='ltr'><strong>hostile</strong></span> <span class='ocrx_word' id='word_1_114' title='bbox 866 1498 1146 1535; x_wconf 73' lang='lat' dir='ltr'><strong>metuentes</strong></span> <span class='ocrx_word' id='word_1_115' title='bbox 1159 1521 1177 1550; x_wconf 94' lang='lat'><strong>,</strong></span> <span class='ocrx_word' id='word_1_116' title='bbox 1195 1487 1344 1536; x_wconf 87' lang='lat' dir='ltr'><strong>multi</strong></span> <span class='ocrx_word' id='word_1_117' title='bbox 1365 1488 1556 1553; x_wconf 86' lang='lat' dir='ltr'><strong>oppido</strong></span> <span class='ocrx_word' id='word_1_118' title='bbox 1577 1502 1735 1554; x_wconf 70' lang='lat' dir='ltr'><strong>egres·</strong></span> 
     </span>
     <span class='ocr_line' id='line_1_16' title="bbox 296 1567 1737 1632; baseline 0.003 -17"><span class='ocrx_word' id='word_1_119' title='bbox 296 1567 343 1615; x_wconf 81' lang='lat' dir='ltr'><strong>si</strong></span> <span class='ocrx_word' id='word_1_120' title='bbox 363 1585 379 1627; x_wconf 89' lang='lat'>;</span> <span class='ocrx_word' id='word_1_121' title='bbox 396 1568 599 1631; x_wconf 73' lang='lat' dir='ltr'><strong>repente</strong></span> <span class='ocrx_word' id='word_1_122' title='bbox 617 1583 818 1617; x_wconf 89' lang='lat' dir='ltr'><strong>omnem</strong></span> <span class='ocrx_word' id='word_1_123' title='bbox 836 1568 1114 1632; x_wconf 83' lang='lat' dir='ltr'><strong>equitatum</strong></span> <span class='ocrx_word' id='word_1_124' title='bbox 1128 1600 1145 1628; x_wconf 89' lang='lat'>‚</span> <span class='ocrx_word' id='word_1_125' title='bbox 1163 1579 1214 1616; x_wconf 91' lang='lat' dir='ltr'><strong>et</strong></span> <span class='ocrx_word' id='word_1_126' title='bbox 1231 1584 1349 1616; x_wconf 85' lang='lat' dir='ltr'><strong>cum</strong></span> <span class='ocrx_word' id='word_1_127' title='bbox 1366 1568 1445 1616; x_wconf 86' lang='lat' dir='ltr'><strong>his</strong></span> <span class='ocrx_word' id='word_1_128' title='bbox 1470 1567 1737 1619; x_wconf 78' lang='lat' dir='ltr'><strong>velocissu-</strong></span> 
     </span>
     <span class='ocr_line' id='line_1_17' title="bbox 298 1647 1741 1712; baseline 0.003 -18"><span class='ocrx_word' id='word_1_129' title='bbox 298 1662 414 1700; x_wconf 80' lang='lat' dir='ltr'><strong>mos</strong></span> <span class='ocrx_word' id='word_1_130' title='bbox 438 1647 629 1710; x_wconf 80' lang='lat' dir='ltr'><strong>pedites</strong></span> <span class='ocrx_word' id='word_1_131' title='bbox 648 1663 801 1695; x_wconf 85' lang='lat' dir='ltr'><strong>eursu</strong></span> <span class='ocrx_word' id='word_1_132' title='bbox 825 1647 1027 1695; x_wconf 84' lang='lat' dir='ltr'><strong>tendere</strong></span> <span class='ocrx_word' id='word_1_133' title='bbox 1043 1647 1111 1694; x_wconf 79' lang='lat' dir='ltr'><strong>ad</strong></span> <span class='ocrx_word' id='word_1_134' title='bbox 1131 1648 1366 1711; x_wconf 77' lang='lat' dir='ltr'><strong>Capsam,</strong></span> <span class='ocrx_word' id='word_1_135' title='bbox 1392 1657 1442 1695; x_wconf 90' lang='lat' dir='ltr'><strong>et</strong></span> <span class='ocrx_word' id='word_1_136' title='bbox 1458 1659 1629 1712; x_wconf 75' lang='lat' dir='ltr'><strong>portas</strong></span> <span class='ocrx_word' id='word_1_137' title='bbox 1652 1650 1741 1699; x_wconf 81' lang='lat' dir='ltr'><strong>ob-</strong></span> 
     </span>
     <span class='ocr_line' id='line_1_18' title="bbox 302 1724 1744 1798; baseline -0.001 -24"><span class='ocrx_word' id='word_1_138' title='bbox 302 1724 466 1775; x_wconf 80' lang='lat' dir='ltr'><strong>sidere</strong></span> <span class='ocrx_word' id='word_1_139' title='bbox 495 1725 640 1786; x_wconf 73' lang='lat' dir='ltr'><strong>iubet</strong></span> <span class='ocrx_word' id='word_1_140' title='bbox 664 1742 676 1770; x_wconf 72' lang='lat' dir='ltr'>e</span> <span class='ocrx_word' id='word_1_141' title='bbox 707 1724 886 1771; x_wconf 85' lang='lat' dir='ltr'><strong>deinde</strong></span> <span class='ocrx_word' id='word_1_142' title='bbox 918 1725 1027 1786; x_wconf 88' lang='lat' dir='ltr'><strong>ipse</strong></span> <span class='ocrx_word' id='word_1_143' title='bbox 1058 1726 1287 1772; x_wconf 86' lang='lat' dir='ltr'><strong>intentus</strong></span> <span class='ocrx_word' id='word_1_144' title='bbox 1313 1725 1527 1798; x_wconf 60' lang='lat' dir='ltr'><strong>propere</strong></span> <span class='ocrx_word' id='word_1_145' title='bbox 1564 1729 1707 1790; x_wconf 82' lang='lat' dir='ltr'><strong>sequi</strong></span> <span class='ocrx_word' id='word_1_146' title='bbox 1726 1763 1744 1791; x_wconf 82' lang='lat'>‚</span> 
     </span>
     <span class='ocr_line' id='line_1_19' title="bbox 299 1800 1742 1869; baseline -0.003 -18"><span class='ocrx_word' id='word_1_147' title='bbox 299 1818 470 1865; x_wconf 89' lang='lat' dir='ltr'><strong>neque</strong></span> <span class='ocrx_word' id='word_1_148' title='bbox 501 1801 676 1850; x_wconf 84' lang='lat' dir='ltr'><strong>milites</strong></span> <span class='ocrx_word' id='word_1_149' title='bbox 696 1800 908 1865; x_wconf 73' lang='lat' dir='ltr'><strong>praedari</strong></span> <span class='ocrx_word' id='word_1_150' title='bbox 937 1803 1117 1849; x_wconf 82' lang='lat' dir='ltr'><strong>sinere.</strong></span> <span class='ocrx_word' id='word_1_151' title='bbox 1156 1802 1285 1862; x_wconf 81' lang='lat' dir='ltr'><strong>Quae</strong></span> <span class='ocrx_word' id='word_1_152' title='bbox 1302 1811 1570 1866; x_wconf 80' lang='lat' dir='ltr'><strong>postquam</strong></span> <span class='ocrx_word' id='word_1_153' title='bbox 1597 1807 1742 1869; x_wconf 80' lang='lat' dir='ltr'><strong>oppi-</strong></span> 
     </span>
     <span class='ocr_line' id='line_1_20' title="bbox 303 1876 1745 1946; baseline 0.003 -17"><span class='ocrx_word' id='word_1_154' title='bbox 303 1881 424 1929; x_wconf 74' lang='lat' dir='ltr'><strong>dani</strong></span> <span class='ocrx_word' id='word_1_155' title='bbox 440 1895 743 1943; x_wconf 79' lang='lat' dir='ltr'><strong>cognovere,</strong></span> <span class='ocrx_word' id='word_1_156' title='bbox 772 1896 849 1927; x_wconf 85' lang='lat' dir='ltr'><strong>res</strong></span> <span class='ocrx_word' id='word_1_157' title='bbox 877 1879 1081 1944; x_wconf 72' lang='lat' dir='ltr'><strong>trepidae</strong></span> <span class='ocrx_word' id='word_1_158' title='bbox 1094 1912 1112 1941; x_wconf 89' lang='lat'><strong>,</strong></span> <span class='ocrx_word' id='word_1_159' title='bbox 1139 1891 1303 1930; x_wconf 88' lang='lat' dir='ltr'><strong>metus</strong></span> <span class='ocrx_word' id='word_1_160' title='bbox 1337 1876 1539 1946; x_wconf 71' lang='lat' dir='ltr'><strong>ingens,</strong></span> <span class='ocrx_word' id='word_1_161' title='bbox 1557 1884 1745 1933; x_wconf 71' lang='lat' dir='ltr'><strong>malum</strong></span> 
     </span>
     <span class='ocr_line' id='line_1_21' title="bbox 306 1958 1747 2023; baseline 0.002 -17"><span class='ocrx_word' id='word_1_162' title='bbox 306 1959 645 2023; x_wconf 66' lang='lat' dir='ltr'><strong>im1irovisum</strong></span> <span class='ocrx_word' id='word_1_163' title='bbox 663 1992 682 2018; x_wconf 91' lang='lat'><strong>,</strong></span> <span class='ocrx_word' id='word_1_164' title='bbox 715 1958 778 2007; x_wconf 74' lang='lat' dir='ltr'><strong>ad</strong></span> <span class='ocrx_word' id='word_1_165' title='bbox 802 1960 901 2006; x_wconf 85' lang='lat' dir='ltr'><strong>hoc</strong></span> <span class='ocrx_word' id='word_1_166' title='bbox 938 1975 1051 2023; x_wconf 71' lang='lat' dir='ltr'><strong>pars</strong></span> <span class='ocrx_word' id='word_1_167' title='bbox 1078 1959 1269 2007; x_wconf 82' lang='lat' dir='ltr'><strong>civium</strong></span> <span class='ocrx_word' id='word_1_168' title='bbox 1301 1968 1440 2006; x_wconf 75' lang='lat' dir='ltr'><strong>extra</strong></span> <span class='ocrx_word' id='word_1_169' title='bbox 1477 1963 1657 2011; x_wconf 75' lang='lat' dir='ltr'><strong>moenia</strong></span> <span class='ocrx_word' id='word_1_170' title='bbox 1689 1966 1747 2013; x_wconf 84' lang='lat' dir='ltr'><strong>in</strong></span> 
     </span>
     <span class='ocr_line' id='line_1_22' title="bbox 307 2037 1747 2099; baseline 0.003 -15"><span class='ocrx_word' id='word_1_171' title='bbox 307 2037 538 2087; x_wconf 81' lang='lat' dir='ltr'><strong>hostium</strong></span> <span class='ocrx_word' id='word_1_172' title='bbox 558 2045 828 2099; x_wconf 80' lang='lat' dir='ltr'><strong>potestate,</strong></span> <span class='ocrx_word' id='word_1_173' title='bbox 847 2050 1068 2098; x_wconf 78' lang='lat' dir='ltr'><strong>coegere,</strong></span> <span class='ocrx_word' id='word_1_174' title='bbox 1086 2038 1166 2086; x_wconf 81' lang='lat' dir='ltr'><strong>uti</strong></span> <span class='ocrx_word' id='word_1_175' title='bbox 1185 2037 1492 2085; x_wconf 86' lang='lat' dir='ltr'><strong>deditionem</strong></span> <span class='ocrx_word' id='word_1_176' title='bbox 1514 2038 1747 2091; x_wconf 79' lang='lat' dir='ltr'><strong>facerent.</strong></span> 
     </span>
     <span class='ocr_line' id='line_1_23' title="bbox 311 2113 1748 2179; baseline -0.004 -15"><span class='ocrx_word' id='word_1_177' title='bbox 311 2114 554 2168; x_wconf 75' lang='lat' dir='ltr'><strong>Ceterum</strong></span> <span class='ocrx_word' id='word_1_178' title='bbox 581 2113 824 2179; x_wconf 86' lang='lat' dir='ltr'><strong>oppidum</strong></span> <span class='ocrx_word' id='word_1_179' title='bbox 846 2114 1109 2161; x_wconf 84' lang='lat' dir='ltr'><strong>incensum</strong></span> <span class='ocrx_word' id='word_1_180' title='bbox 1129 2130 1144 2172; x_wconf 73' lang='grc' dir='ltr'><strong>ς</strong></span> <span class='ocrx_word' id='word_1_181' title='bbox 1180 2114 1414 2163; x_wconf 76' lang='lat' dir='ltr'><strong>Numidae</strong></span> <span class='ocrx_word' id='word_1_182' title='bbox 1430 2116 1643 2179; x_wconf 86' lang='lat' dir='ltr'><strong>puberes</strong></span> <span class='ocrx_word' id='word_1_183' title='bbox 1669 2121 1748 2168; x_wconf 89' lang='lat' dir='ltr'><strong>in-</strong></span> 
     </span>
     <span class='ocr_line' id='line_1_24' title="bbox 314 2191 1749 2257; baseline 0.003 -15"><span class='ocrx_word' id='word_1_184' title='bbox 314 2194 511 2247; x_wconf 74' lang='lat' dir='ltr'><strong>tex-fecti</strong></span> <span class='ocrx_word' id='word_1_185' title='bbox 529 2210 544 2252; x_wconf 89' lang='lat'>;</span> <span class='ocrx_word' id='word_1_186' title='bbox 562 2193 646 2240; x_wconf 81' lang='lat' dir='ltr'><strong>alii</strong></span> <span class='ocrx_word' id='word_1_187' title='bbox 664 2208 836 2240; x_wconf 87' lang='lat' dir='ltr'><strong>omnes</strong></span> <span class='ocrx_word' id='word_1_188' title='bbox 863 2206 1046 2239; x_wconf 83' lang='lat' dir='ltr'><strong>venum</strong></span> <span class='ocrx_word' id='word_1_189' title='bbox 1067 2191 1171 2239; x_wconf 77' lang='lat' dir='ltr'><strong>dati</strong></span> <span class='ocrx_word' id='word_1_190' title='bbox 1193 2209 1207 2252; x_wconf 87' lang='lat'>;</span> <span class='ocrx_word' id='word_1_191' title='bbox 1230 2192 1395 2257; x_wconf 74' lang='lat' dir='ltr'><strong>praeda</strong></span> <span class='ocrx_word' id='word_1_192' title='bbox 1413 2194 1656 2246; x_wconf 83' lang='lat' dir='ltr'><strong>militibus</strong></span> <span class='ocrx_word' id='word_1_193' title='bbox 1676 2196 1749 2247; x_wconf 77' lang='lat' dir='ltr'><strong>di-</strong></span> 
     </span>
     <span class='ocr_line' id='line_1_25' title="bbox 315 2270 1752 2342; baseline 0.003 -21"><span class='ocrx_word' id='word_1_194' title='bbox 315 2275 439 2325; x_wconf 74' lang='lat' dir='ltr'><strong>visa.</strong></span> <span class='ocrx_word' id='word_1_195' title='bbox 460 2273 522 2320; x_wconf 84' lang='lat' dir='ltr'><strong>Id</strong></span> <span class='ocrx_word' id='word_1_196' title='bbox 547 2272 740 2320; x_wconf 79' lang='lat' dir='ltr'><strong>facinus</strong></span> <span class='ocrx_word' id='word_1_197' title='bbox 756 2281 930 2320; x_wconf 80' lang='lat' dir='ltr'><strong>contra</strong></span> <span class='ocrx_word' id='word_1_198' title='bbox 948 2270 1030 2333; x_wconf 79' lang='lat' dir='ltr'><strong>jus</strong></span> <span class='ocrx_word' id='word_1_199' title='bbox 1046 2271 1192 2333; x_wconf 85' lang='lat' dir='ltr'><strong>belli,</strong></span> <span class='ocrx_word' id='word_1_200' title='bbox 1215 2288 1323 2320; x_wconf 86' lang='lat' dir='ltr'><strong>non</strong></span> <span class='ocrx_word' id='word_1_201' title='bbox 1339 2273 1540 2322; x_wconf 57' lang='lat' dir='ltr'><strong>avaritia</strong></span> <span class='ocrx_word' id='word_1_202' title='bbox 1555 2307 1572 2337; x_wconf 89' lang='lat'>‚</span> <span class='ocrx_word' id='word_1_203' title='bbox 1589 2294 1752 2342; x_wconf 79' lang='lat' dir='ltr'><strong>neque</strong></span> 
     </span>
     <span class='ocr_line' id='line_1_26' title="bbox 317 2350 1752 2420; baseline -0.001 -16"><span class='ocrx_word' id='word_1_204' title='bbox 317 2353 500 2404; x_wconf 82' lang='lat' dir='ltr'><strong>scelere</strong></span> <span class='ocrx_word' id='word_1_205' title='bbox 518 2351 739 2401; x_wconf 81' lang='lat' dir='ltr'><strong>consulis</strong></span> <span class='ocrx_word' id='word_1_206' title='bbox 757 2351 1057 2411; x_wconf 78' lang='lat' dir='ltr'><strong>admissum3</strong></span> <span class='ocrx_word' id='word_1_207' title='bbox 1081 2351 1169 2398; x_wconf 87' lang='lat' dir='ltr'><strong>sed</strong></span> <span class='ocrx_word' id='word_1_208' title='bbox 1186 2351 1302 2415; x_wconf 77' lang='lat' dir='ltr'><strong>quia</strong></span> <span class='ocrx_word' id='word_1_209' title='bbox 1327 2350 1468 2400; x_wconf 81' lang='lat' dir='ltr'><strong>locus</strong></span> <span class='ocrx_word' id='word_1_210' title='bbox 1487 2356 1520 2401; x_wconf 84' lang='lat' dir='ltr'>J</span> <span class='ocrx_word' id='word_1_211' title='bbox 1522 2358 1752 2420; x_wconf 77' lang='lat' dir='ltr'><strong>ugurthae</strong></span> 
     </span>
     <span class='ocr_line' id='line_1_27' title="bbox 301 2428 1752 2497; baseline 0.003 -17"><span class='ocrx_word' id='word_1_212' title='bbox 301 2444 669 2497; x_wconf 76' lang='lat' dir='ltr'><strong>opportunus,</strong></span> <span class='ocrx_word' id='word_1_213' title='bbox 700 2429 845 2479; x_wconf 88' lang='lat' dir='ltr'><strong>nobis</strong></span> <span class='ocrx_word' id='word_1_214' title='bbox 866 2429 1006 2479; x_wconf 80' lang='lat' dir='ltr'><strong>aditu</strong></span> <span class='ocrx_word' id='word_1_215' title='bbox 1029 2428 1280 2491; x_wconf 81' lang='lat' dir='ltr'><strong>difficilis3</strong></span> <span class='ocrx_word' id='word_1_216' title='bbox 1303 2446 1460 2496; x_wconf 83' lang='lat' dir='ltr'><strong>genus</strong></span> <span class='ocrx_word' id='word_1_217' title='bbox 1486 2433 1752 2487; x_wconf 85' lang='lat' dir='ltr'><strong>hominum</strong></span> 
     </span>
     <span class='ocr_line' id='line_1_28' title="bbox 324 2507 1754 2575; baseline 0.005 -15"><span class='ocrx_word' id='word_1_218' title='bbox 324 2511 511 2561; x_wconf 83' lang='lat' dir='ltr'><strong>mobile</strong></span> <span class='ocrx_word' id='word_1_219' title='bbox 523 2544 541 2572; x_wconf 87' lang='lat'><strong>,</strong></span> <span class='ocrx_word' id='word_1_220' title='bbox 559 2509 775 2559; x_wconf 81' lang='lat' dir='ltr'><strong>infidum</strong></span> <span class='ocrx_word' id='word_1_221' title='bbox 786 2544 801 2568; x_wconf 90' lang='lat'><strong>,</strong></span> <span class='ocrx_word' id='word_1_222' title='bbox 820 2526 983 2574; x_wconf 86' lang='lat' dir='ltr'><strong>neque</strong></span> <span class='ocrx_word' id='word_1_223' title='bbox 1003 2507 1249 2560; x_wconf 86' lang='lat' dir='ltr'><strong>beneficio</strong></span> <span class='ocrx_word' id='word_1_224' title='bbox 1267 2526 1431 2575; x_wconf 86' lang='lat' dir='ltr'><strong>neque</strong></span> <span class='ocrx_word' id='word_1_225' title='bbox 1458 2524 1597 2563; x_wconf 87' lang='lat' dir='ltr'><strong>metu</strong></span> <span class='ocrx_word' id='word_1_226' title='bbox 1615 2532 1754 2567; x_wconf 83' lang='lat' dir='ltr'><strong>coer·</strong></span> 
     </span>
     <span class='ocr_line' id='line_1_29' title="bbox 319 2590 755 2639; baseline -0.011 0"><span class='ocrx_word' id='word_1_227' title='bbox 319 2590 496 2639; x_wconf 84' lang='lat' dir='ltr'><strong>citum.</strong></span> <span class='ocrx_word' id='word_1_228' title='bbox 749 2604 755 2611; x_wconf 48' lang='lat'><strong><em>⁹</em></strong></span> 
     </span>
     <span class='ocr_line' id='line_1_30' title="bbox 394 2670 1758 2732; baseline 0.002 -14"><span class='ocrx_word' id='word_1_229' title='bbox 394 2670 552 2718; x_wconf 81' lang='lat' dir='ltr'><strong>xcn.</strong></span> <span class='ocrx_word' id='word_1_230' title='bbox 587 2670 866 2726; x_wconf 60' lang='lat' dir='ltr'><strong>Posi-Qum</strong></span> <span class='ocrx_word' id='word_1_231' title='bbox 896 2677 1084 2716; x_wconf 75' lang='lat' dir='ltr'><strong>tantam</strong></span> <span class='ocrx_word' id='word_1_232' title='bbox 1120 2685 1226 2717; x_wconf 84' lang='lat' dir='ltr'><strong>rem</strong></span> <span class='ocrx_word' id='word_1_233' title='bbox 1258 2670 1474 2732; x_wconf 74' lang='lat' dir='ltr'><strong>Marius,</strong></span> <span class='ocrx_word' id='word_1_234' title='bbox 1507 2673 1615 2722; x_wconf 86' lang='lat' dir='ltr'><strong>sine</strong></span> <span class='ocrx_word' id='word_1_235' title='bbox 1652 2676 1758 2725; x_wconf 67' lang='lat' dir='ltr'><strong>ullo</strong></span> 
     </span>
     <span class='ocr_line' id='line_1_31' title="bbox 328 2746 1758 2815; baseline 0.004 -20"><span class='ocrx_word' id='word_1_236' title='bbox 328 2763 539 2796; x_wconf 82' lang='lat' dir='ltr'><strong>suorum</strong></span> <span class='ocrx_word' id='word_1_237' title='bbox 566 2746 917 2808; x_wconf 84' lang='lat' dir='ltr'><strong>incommodo,</strong></span> <span class='ocrx_word' id='word_1_238' title='bbox 940 2748 1155 2815; x_wconf 70' lang='lat' dir='ltr'><strong>patrayit</strong></span> <span class='ocrx_word' id='word_1_239' title='bbox 1169 2779 1186 2808; x_wconf 91' lang='lat'><strong>,</strong></span> <span class='ocrx_word' id='word_1_240' title='bbox 1204 2762 1411 2812; x_wconf 73' lang='lat' dir='ltr'><strong>magnus</strong></span> <span class='ocrx_word' id='word_1_241' title='bbox 1428 2760 1479 2798; x_wconf 89' lang='lat' dir='ltr'><strong>et</strong></span> <span class='ocrx_word' id='word_1_242' title='bbox 1496 2752 1657 2800; x_wconf 74' lang='lat' dir='ltr'><strong>clarus</strong></span> <span class='ocrx_word' id='word_1_243' title='bbox 1674 2769 1758 2801; x_wconf 78' lang='lat' dir='ltr'><strong>an·</strong></span> 
     </span>
     <span class='ocr_line' id='line_1_32' title="bbox 334 2822 1761 2890; baseline 0.003 -15"><span class='ocrx_word' id='word_1_244' title='bbox 334 2837 439 2886; x_wconf 74' lang='lat' dir='ltr'><strong>tea,</strong></span> <span class='ocrx_word' id='word_1_245' title='bbox 463 2822 621 2887; x_wconf 79' lang='lat' dir='ltr'><strong>major</strong></span> <span class='ocrx_word' id='word_1_246' title='bbox 645 2837 695 2875; x_wconf 86' lang='lat' dir='ltr'><strong>et</strong></span> <span class='ocrx_word' id='word_1_247' title='bbox 710 2827 888 2874; x_wconf 80' lang='lat' dir='ltr'><strong>clarior</strong></span> <span class='ocrx_word' id='word_1_248' title='bbox 904 2825 1079 2874; x_wconf 82' lang='lat' dir='ltr'><strong>haberi</strong></span> <span class='ocrx_word' id='word_1_249' title='bbox 1099 2827 1266 2890; x_wconf 83' lang='lat' dir='ltr'><strong>eoepit.</strong></span> <span class='ocrx_word' id='word_1_250' title='bbox 1287 2828 1470 2876; x_wconf 78' lang='lat' dir='ltr'><strong>Omnia</strong></span> <span class='ocrx_word' id='word_1_251' title='bbox 1501 2845 1607 2878; x_wconf 91' lang='lat' dir='ltr'><strong>non</strong></span> <span class='ocrx_word' id='word_1_252' title='bbox 1634 2824 1761 2879; x_wconf 68' lang='lat' dir='ltr'><strong>b&#39;ene</strong></span> 
     </span>
     <span class='ocr_line' id='line_1_33' title="bbox 332 2904 1761 2977; baseline 0.002 -21"><span class='ocrx_word' id='word_1_253' title='bbox 332 2905 564 2958; x_wconf 76' lang='lat' dir='ltr'><strong>consulta</strong></span> <span class='ocrx_word' id='word_1_254' title='bbox 585 2905 642 2955; x_wconf 83' lang='lat' dir='ltr'><strong>iu</strong></span> <span class='ocrx_word' id='word_1_255' title='bbox 672 2906 913 2956; x_wconf 83' lang='lat' dir='ltr'><strong>virtutem</strong></span> <span class='ocrx_word' id='word_1_256' title='bbox 939 2904 1300 2965; x_wconf 70' lang='lat' dir='ltr'><strong>trahebantur5</strong></span> <span class='ocrx_word' id='word_1_257' title='bbox 1327 2907 1518 2977; x_wconf 61' lang='lat' dir='ltr'><strong>milites</strong></span> <span class='ocrx_word' id='word_1_258' title='bbox 1534 2906 1761 2959; x_wconf 80' lang='lat' dir='ltr'><strong>modesto</strong></span> 
     </span>
    </p>
   </div>
   <div class='ocr_carea' id='block_1_3' title="bbox 2115 328 2128 872">
    <p class='ocr_par' dir='ltr' id='par_1_3' title="bbox 2115 328 2128 872">
     <span class='ocr_line' id='line_1_34' title="bbox 2115 328 2128 872; baseline 0 0"><span class='ocrx_word' id='word_1_259' title='bbox 2115 328 2128 872; x_wconf 95' lang='lat' dir='ltr'><strong> </strong></span> 
     </span>
    </p>
   </div>
  </div>
 </body>
</html>
