2150 3650
824 333 1240 385 CATILINA.
1706 333 1766 380 13

340 450 462 499 pore
495 436 587 483 Cn.
625 434 772 494 Piso,
806 418 1095 483 adolescens
1126 432 1339 491 nobilis,
1384 445 1591 479 summae
1622 428 1769 476 auda-

334 515 420 562 ciae
437 548 454 575 ‚
486 531 632 580 egens
646 546 664 574 ‚
686 514 920 562 factiosus
934 547 950 574 ,
965 529 1118 576 quem
1150 511 1211 558 ad
1236 509 1624 574 perturbandam
1643 525 1772 557 rem-

334 593 586 658 publicam
607 593 777 656 inopia
796 604 943 657 atque
958 592 1073 639 mali
1100 607 1261 638 mores
1289 589 1625 637 stimulabant.
1642 590 1771 637 Cum

335 672 435 730 hoc
462 673 674 721 Cati-Lina
698 682 751 719 et
781 666 1065 719 Autronius
1081 703 1098 730 ‚
1136 669 1347 716 consilio
1373 669 1742 716 communicato
1757 681 1786 724 ⁹⁸

333 751 573 815 parabant
593 753 649 798 in
681 751 926 815 Capitolio
954 748 1178 798 kalendis
1203 748 1443 811 januariis
1472 750 1528 794 L.
1571 749 1771 795 Cottam

336 840 387 877 et
411 832 464 887 L.
487 833 800 892 Torquatum
820 829 1049 877 consules
1074 818 1379 884 interficer‘e3
1405 827 1500 889 ipsi
1509 847 1532 886 a,
1557 826 1795 873 fascibus·

337 907 579 970 correptis
596 937 614 964 ‚
661 906 895 952 Pisonem
934 920 1053 951 cum
1100 905 1323 950 exercitu
1366 902 1431 947 ad
1476 903 1774 950 obtinendas

338 975 480 1033 duas*
498 983 762 1046 Hispanias
790 982 1001 1029 mittere.
1035 979 1104 1027 Ea
1139 996 1192 1026 re
1236 978 1468 1041 cognita,
1505 980 1678 1027 rursus
1721 982 1779 1027 in

336 1077 497 1108 nonas
519 1059 791 1106 februarias
815 1057 1081 1104 consilium
1103 1057 1250 1104 caedis
1274 1057 1648 1104 transtulerant:
1665 1061 1786 1105 Jam.

341 1148 455 1185 tum
489 1135 906 1183 non.consulibus
932 1135 1084 1183 modo
1103 1167 1119 1195 .,
1148 1136 1236 1183 sed
1265 1135 1520 1199 plerisque
1539 1138 1779 1184 senatori-

342 1215 440 1263 bus
455 1247 472 1274 ‚
502 1215 771 1278 perniciem
812 1213 1237 1262 machinabantur.
1285 1215 1442 1274 Quod
1472 1216 1526 1263 ni
1568 1216 1779 1263 Catilina

339 1304 635 1341 maturasset
670 1309 764 1358 pro
791 1292 927 1341 curia
955 1293 1155 1355 signum
1183 1293 1337 1363 sociis
1374 1294 1537 1353 dare‚'
1561 1310 1621 1341 eo
1669 1295 1784 1355 die,

339 1383 458 1437 post
480 1372 732 1420 conditam
746 1371 934 1420 -urbem
963 1387 1250 1431 romanam,
1268 1388 1562 1436 pessumum
1584 1374 1777 1423 facinus
1797 1410 1801 1415 -

340 1463 593 1517 patratum
637 1451 781 1500 foret.
828 1451 961 1512 Quia
996 1450 1235 1498 nondum
1256 1450 1567 1521 -frequentes
1603 1455 1782 1503 armati

340 1541 708 1595 convenerant,
734 1546 789 1577 ea
815 1546 893 1577 res
924 1530 1192 1587 consilium
1219 1530 1470 1579 ,dh-emit.-

411 1613 552 1662 XIX.
577 1614 770 1659 Posru
789 1610 904 1656 Piso
922 1610 978 1656 in
1003 1609 1286 1656 citeriorem
1306 1610 1597 1673 Hispaniam
1622 1628 1782 1675 quaes-

344 1700 425 1741 tor
449 1706 544 1754 pro
562 1700 775 1752 praetore
802 1688 981 1735 missus
1007 1699 1113 1747 est,
1129 1687 1386 1735 adnitente
1406 1689 1611 1749 Crasso,
1639 1692 1792 1753 quad*

343 1784 460 1816 eum
492 1768 729 1814 infestum
777 1765 1040 1814 inimicum
1067 1767 1160 1813 Cn.
1191 1768 1433 1828 Pompeio
1459 1780 1781 1830 cognoverat.

345 1849 522 1911 Neque
556 1857 722 1895 tamen
746 1857 947 1893 senatus
973 1845 1289 1909 provinciam
1320 1845 1513 1894 invitus
1555 1846 1758 1904 dederat
1771 1855 1791 1895 ἑ.

346 1927 535 1990 quippe
580 1925 768 1973 foed'um
805 1915 1065 1973 hominem
1099 1922 1127 1969 a
1172 1922 1430 1986 republica
1460 1926 1640 1987 procul
1678 1943 1783 1974 esse

347 2004 571 2061 volebat3
604 2002 786 2059 simul,
821 2003 940 2065 quia
971 2001 1098 2049 boni
1131 1999 1281 2064 quAm
1304 2001 1471 2064 plures
1496 2004 1782 2065 praesidium

346 2081 403 2127 in
429 2097 490 2127 eo
524 2080 800 2143 putabant,
833 2090 881 2125 et
908 2079 1009 2140 jam
1039 2091 1150 2127 tum
1176 2081 1401 2143 potentia
1433 2081 1526 2128 Cn.
1555 2085 1784 2147 Pompeii

347 2158 671 2211 formidolosa
718 2169 838 2204 erat.
878 2158 979 2206 Sed
1015 2159 1059 2205 is
1099 2158 1241 2217 Piso,
1279 2158 1335 2205 in
1373 2160 1684 2223 provinciam
1718 2163 1786 2211 ab

346 2237 601 2303 equitibus
631 2237 881 2301 hispanis,
909 2253 1037 2300 quos
1062 2237 1122 2284 in
1141 2238 1364 2285 exercitu
1394 2237 1658 2302 ductabat,
1689 2243 1794 2291 iter-

346 2315 552 2376 faciens,
589 2317 783 2369 occisus
822 2326 912 2363 est.
955 2319 1087 2365 Sunt
1132 2317 1219 2380 qui
1258 2317 1328 2364 ita
1364 2316 1540 2366 dicunt
1573 2320 1794 2384 imperia

347 2395 456 2458 ejus
481 2394 694 2457 injusta,
712 2396 924 2459 superba
941 2429 958 2455 ‚
979 2395 1200 2442 crudelia
1212 2426 1229 2456 ‚
1245 2395 1477 2444 barbaros
1498 2401 1785 2463 nequivisse

264 2517 284 2532 ,
352 2475 482 2537 pati;
505 2474 585 2521 alii
610 2486 804 2534 autem,
831 2475 1022 2537 equites
1052 2475 1199 2536 illos,
1221 2476 1311 2523 Cn.
1333 2478 1560 2540 Pompeii
1595 2491 1785 2528 veteres

351 2551 580 2616 fidosque
598 2553 827 2612 clientes,
849 2554 1110 2601 voluntate
1127 2553 1235 2616 ejus
1254 2555 1485 2603 Pisonem
1508 2558 1786 2622 adgressos:

349 2647 625 2695 numquam
645 2632 893 2696 Hispanos
909 2644 1146 2697 praeterea
1167 2633 1260 2680 tale
1287 2634 1479 2682 facinus
1497 2636 1683 2699 fecisse,
1702 2639 1790 2686 sed
1813 2677 1817 2684 .

349 2709 556 2777 imperia
584 2726 711 2758 saeva
736 2711 893 2759 multa
924 2721 1066 2759 antea
1101 2727 1377 2776 perpessos.
1407 2713 1514 2762 Nos
1540 2731 1647 2764 eam
1679 2734 1782 2766 rem

349 2789 406 2839 in
441 2790 604 2837 medio
644 2789 996 2854 relinquemus.
1030 2792 1107 2838 De
1143 2792 1397 2856 superiore
1442 2793 1789 2855 conjuratione

349 2869 469 2921 satis
495 2868 699 2920 dictum.

1470 2965 1498 2996 α
