2150 3650
236 1452 265 1467 ν

810 347 1281 398 JUGURTHA.
1678 359 1775 409 n9

345 446 601 509 utrisque,
622 457 710 494 aut
729 445 904 495 οοιιῐῐὲ
927 458 1073 506 esset3
1091 447 1348 510 explorare
1373 443 1549 493 itinera
1567 457 1742 509 regum
1766 443 1781 487 3

342 525 548 573 consilia
567 538 621 574 et
636 525 840 573 insidias
871 528 1156 574 antevenire
1177 543 1191 585 ;
1212 525 1343 574 nihil
1367 524 1504 589 apud
1530 540 1581 572 se
1610 524 1777 570 remis-

338 620 478 663 sum,
504 620 668 668 neque
692 604 830 669 apud
857 605 971 652 illos
992 615 1162 652 tutum
1191 604 1312 668 pati.
1332 606 1523 668 ‘Itaque
1543 614 1592 650 et
1611 599 1777 650 Gaetu-

337 681 416 729 los
429 714 447 740 ‚
461 692 510 729 et
523 684 851 748 Jngurssmm,
869 700 933 731 ex
950 683 1098 731 sociis
1115 682 1303 729 nostris
1315 682 1534 745 praedam
1555 692 1754 745 agentes
1764 712 1781 741 .,

337 759 465 823 saepe
473 760 734 824 adgressus
745 763 923 810 itinere
942 762 964 807 s
962 762 1168 821 aderat,
1181 762 1451 824 ipsumque
1469 773 1632 825 regem
1642 759 1782 807 haud

335 840 513 902 procul
526 841 587 888 ab
603 842 796 906 oppido
815 840 951 890 Cirta
968 842 1118 887 armis
1132 849 1353 887 exuerat.
1371 840 1500 900 Quae
1511 851 1786 903 postquam

333 918 548 983 gloriosa
582 920 736 967 modo
751 952 768 978 ‚
792 933 957 982 neque
988 918 1108 966 belli
1125 917 1360 981 patrandi
1387 918 1651 981 cognovit,
1682 928 1776 965 sta·

334 997 598 1045 tuit-urbis
620 1011 765 1060 ‚quae
791 997 913 1045 viris
934 1009 1021 1046 aut
1050 998 1164 1046 loco
1196 1011 1294 1061 pro
1326 985 1585 1054 hostibus,
1612 1006 1662 1043 et
1697 994 1780 1042 ad-

334 1090 547 1124 vorsum
560 1092 634 1135 se,
658 1077 1118 1139 opportunissumae
1146 1084 1287 1123 erant
1299 1108 1315 1137 ‚
1333 1073 1558 1139 singulas
1573 1074 1782 1121 circum·
1827 1095 1836 1104 ·

341 1154 510 1201 venire
531 1169 545 1212 ;
565 1155 633 1201 ita
651 1156 957 1219 ,Iugurtham
976 1166 1063 1204 aut
1083 1154 1323 1221 praesidiis
1352 1154 1600 1202 nudatum
1622 1187 1637 1214 ‚
1656 1152 1697 1199 si
1725 1165 1782 1200 ea

337 1243 620 1297 pateretur,
655 1245 746 1282 ant
782 1235 961 1298 proelio
997 1245 1325 1283 certaturum.
1376 1233 1504 1282 Nam
1546 1232 1780 1281 Bocchus

330 1311 547 1359 nuncios
565 1311 629 1358 ad
647 1329 765 1360 eum
785 1314 913 1376 πρὸ
931 1314 1132 1362 miserat
1149 1347 1166 1374 ‚
1195 1335 1215 1355 α
1235 1313 1363 1360 velle
1381 1311 1562 1376 populi
1585 1310 1783 1359 romani

331 1411 353 1432 α
393 1390 661 1439 amicitiam
680 1423 698 1452 ‚
721 1409 785 1439 ne
804 1392 930 1456 quid
956 1393 1018 1440 ab
1055 1409 1107 1441 se
1127 1392 1313 1441 hostile
1334 1392 1540 1439 timeret
1559 1413 1598 1438 ι».
1633 1390 1692 1438 Id
1723 1391 1783 1438 si-

331 1469 688 1531 malaveritne‚
707 1472 811 1534 quo
833 1472 1138 1536 improvisus
1163 1469 1366 1538 gravius
1397 1471 1639 1538 accideret
1656 1501 1674 1531 ‚
1716 1486 1780 1518 an

326 1547 603 1597 mobilitate
621 1550 810 1614 ingenii
831 1566 1005 1614 pacem
1035 1563 1190 1617 etque
1215 1551 1407 1600 bellum
1440 1562 1636 1600 mutare
1662 1551 1779 1600 soli-

326 1638 411 1676 tus
432 1660 449 1689 ‚
478 1644 658 1691 parum
688 1629 1024 1693 exploratum.

402 1709 686 1755 Lxxxlx.
713 1709 815 1754 Sui
833 1709 1042 1768 consul,
1058 1710 1141 1755 uti
1166 1720 1404 1757 statuerat
1417 1741 1434 1767 ‚
1457 1709 1647 1772 oppida
1675 1723 1773 1756 eas-

332 1785 549 1849 tellaque
567 1786 760 1833 munita
778 1784 914 1831 adire
929 1799 945 1842 ς
960 1785 1145 1848 partim
1162 1787 1214 1833 vi
1226 1817 1242 1847 ,
1259 1788 1352 1834 alia
1369 1796 1509 1833 metu
1523 1818 1540 1846 ‚
1554 1797 1643 1834 aut
1659 1801 1777 1850 prae·

327 1864 427 1912 mia
474 1861 775 1911 ostentando
792 1894 811 1923 ‚
842 1873 1067 1910 avortere
1103 1864 1166 1910 ab
1210 1863 1461 1912 hostibus.
1499 1865 1578 1911 Ac
1609 1865 1776 1928 primo

329 1942 596 1992 mediocria
632 1941 857 2005 gerebat,
884 1941 1193 1991 existumans
1225 1941 1531 2006 Jugurtham
1551 1942 1617 1991 oh
1655 1956 1774 1992 suos

327 2022 571 2072 tutandos
589 2021 643 2068 in
662 2036 841 2068 manus
859 2030 1147 2068 venturum.
1170 2022 1269 2069 Sed
1287 2021 1374 2068 ubi
1393 2022 1573 2086 procul
1590 2021 1776 2083 abesse,

323 2113 376 2151 et
393 2102 500 2151 aliis
519 2100 737 2164 negotiis
767 2099 1021 2146 intentum
1049 2101 1242 2164 aceepit
1259 2134 1276 2161 ‚
1303 2099 1492 2162 majora
1527 2112 1576 2149 et
1605 2114 1775 2164 aspera

328 2178 528 2246 adgredi
557 2190 757 2243 tempus
777 2178 961 2225 visum.
991 2179 1107 2226 Erat
1132 2179 1263 2227 inter
1293 2179 1511 2243 ingentis
1546 2179 1773 2228 solitudi-

322 2276 415 2310 nes
436 2257 683 2324 oppidum
712 2272 948 2322 magnum
966 2268 1119 2321 atque
1135 2257 1305 2305 valens
1318 2291 1335 2318 ‚
1358 2259 1563 2308 nomine
1585 2259 1740 2322 capsa
1755 2294 1772 2322 ‚

317 2339 476 2402 cujus
507 2335 744 2386 eonditor
768 2336 1010 2384 Hercules
1040 2336 1193 2402 Libys
1228 2336 1615 2387 memorabatur.
1648 2339 1771 2401 Ejus

319 2420 461 2467 cives
492 2417 630 2482 apud
666 2417 973 2481 ,Iugurtham
1004 2418 1290 2479 immunes,
1313 2416 1411 2465 levi
1448 2417 1658 2481 imperio
1676 2452 1693 2480 ‚
1722 2431 1772 2469 et

323 2496 391 2546 ob
413 2513 469 2544 es
489 2496 788 2545 fidelissumi
805 2495 1144 2556 habebantur3
1166 2497 1352 2544 muniti
1368 2496 1639 2546 advorsum
1658 2498 1771 2547 hos·

321 2577 389 2626 tis
409 2591 517 2624 non
535 2575 784 2625 moenibus
805 2574 989 2636 modo,
1012 2586 1064 2623 et
1081 2576 1230 2624 armis
1256 2587 1408 2641 atque
1428 2577 1550 2625 viris
1567 2610 1584 2639 .,
1608 2579 1771 2628 multo

323 2658 476 2720 magis
493 2655 723 2703 locorum
752 2654 1032 2718 asperitate.
1060 2657 1219 2715 Nam,
1235 2666 1414 2719 praeter
1434 2658 1625 2721 oppido
1652 2674 1766 2723 pro-

318 2736 539 2800 pinqua,
568 2734 662 2781 alia
697 2732 865 2782 omnia
896 2743 1033 2780 vasta
1052 2768 1071 2794 ‚
1103 2734 1323 2794 inculta,
1365 2737 1558 2798 egentia
1591 2753 1730 2800 aquae
1753 2769 1770 2796 ,

319 2812 502 2861 infesta
524 2810 868 2877 serpentibus,
897 2826 1113 2876 quarum
1132 2814 1238 2873 vis,
1261 2813 1410 2861 sicuti
1434 2816 1666 2862 omnium
1693 2813 1764 2860 fe·

300 2908 485 2967 ⁴rartun
504 2923 522 2952 ,
561 2890 733 2956 inopis
768 2889 868 2939 eibi
895 2892 1073 2941 acrior.
1110 2891 1194 2941 Ad
1212 2892 1312 2940 boc
1345 2903 1526 2941 natura
1558 2908 1758 2955 serpen-
