2150 3650
384 333 453 389 46
679 335 733 384 C.
773 334 1045 385 CRISPI
1097 336 1535 413 sALLUSTn

272 442 279 447 ·
380 427 531 488 tabat,
544 428 755 478 Catilina
772 446 863 494 per
882 432 1068 479 montis
1079 431 1177 480 iter
1193 429 1444 491 facere,·ad
1453 429 1630 477 urbem
1647 426 1827 487 modo,

382 507 569 555 modo'
554 524 609 556 ιιι
629 508 837 557 Galliam
857 525 1029 558 versus
1046 521 1204 558 castra
1233 525 1468 568 movere3
1484 506 1717 556 hostibus
1737 521 1827 553 oc-

381 585 628 633 casionem
659 588 920 652 pugnandi
943 604 1052 657 ιιοιι
1084 589 1217 637 dare.
1247 588 1485 652 Sperabat
1503 586 1664 651 prope
1688 585 1824 632 diem

378 679 589 727 magnas
593 667 760 730 copias
777 683 881 715 sese
898 650 1189 716 habiturum
1200 700 1217 727 ,
1235 668 1277 715 si
1295 669 1469 715 Romoe
1487 666 1608 713 socii
1624 665 1824 726 incepta

376 744 718 806 patravissent.
745 748 937 794 Interea
956 747 1157 794 servitia
1173 744 1495 809 repudiabat,
1511 743 1591 806 cuj
1598 759 1657 790 us
1672 742 1822 790 initio

377 820 441 867 ad
462 837 580 870 eum
611 840 799 889 magnai
822 825 980 889 copiae
1003 823 1393 883 concurrebant,
1421 821 1605 886 opibus
1639 818 1821 881 coniu-

374 901 584 949 rationis
610 889 795 964 fretus3
819 904 971 952 simul
987 903 1206 952 alienum
1220 904 1323 951 suis
1341 901 1621 950 rationibus
1639 900 1822 948 existu-

378 994 519 1027 mans
531 982 691 1030 videri
708 999 930 1032 caussam
943 983 1132 1031 civium
1149 998 1268 1029 cum
1282 981 1432 1029 servis
1453 979 1675 1044 fugitivis
1689 992 1823 1026 com·

378 1061 725 1125 munieayisse.

431 1140 597 1188 LVII.
620 1143 654 1189 S
667 1157 740 1189 nn
768 1152 1035 1205 postquam
1071 1141 1126 1188 in
1160 1151 1318 1188 castra
1351 1139 1569 1187 nuncius
1594 1135 1823 1201 pervenit

378 1218 554 1266 Romae
578 1219 979 1281 conjurationem
1015 1218 1335 1281 patefactam,
1369 1217 1430 1264 de
1461 1216 1703 1275 Lentulo,
1732 1215 1822 1263 Ce—

379 1296 557 1361 thego,
598 1298 773 1346 ceteris
811 1312 940 1367 quos
976 1296 1129 1360 supra
1174 1296 1475 1356 memoravi,
1516 1294 1823 1359 supplicium

378 1386 632 1434 sumtum,
656 1375 882 1437 plerique
908 1390 1037 1436 quos
1073 1375 1138 1422 ad
1162 1374 1354 1422 bellum
1389 1389 1503 1435 spes
1533 1373 1824 1435 rapinarum

377 1461 466 1498 aut
493 1467 741 1500 novarum
769 1467 937 1498 rerum
968 1452 1196 1499 studium
1222 1451 1472 1509 illexerat,
1497 1450 1791 1498 dilabuntur
1812 1467 1825 1497 t

374 1529 595 1592 reliquos
618 1530 826 1577 Catilina
859 1544 951 1592 per
980 1530 1169 1578 montis
1204 1543 1402 1592 asperos
1422 1527 1611 1591 magnis
1632 1528 1825 1578 itineri-

273 1639 285 1651 .
375 1607 513 1655 bus
498 1623 554 1654 ιιι
577 1622 753 1669 agrum
777 1608 1131 1656 Pistoriensem
1151 1607 1387 1666 abducit3
1415 1622 1477 1654 eo
1507 1606 1719 1656 consilio
1745 1609 1829 1657 uti

375 1681 467 1748 pe'r
492 1686 712 1734 tramites
744 1686 939 1735 occulte
969 1687 1292 1752 perfugerent
1325 1687 1382 1735 iu
1403 1686 1637 1745 Galliam3
1667 1697 1718 1734 at
1752 1689 1821 1749 Q.

375 1763 611 1813 Metellus
639 1767 781 1816 Celer
801 1782 917 1815 cum
938 1767 1101 1815 tribus
1120 1767 1435 1835 legionibus
1421 1782 1476 1814 ιιι
1501 1782 1619 1831 agro
1637 1767 1823 1815 Piceno

376 1846 695 1910 praesidebat,
721 1865 785 1896 ex
811 1835 1105 1896 difficultate
1136 1864 1302 1896 rerum
1334 1848 1503 1895 eadem
1536 1846 1617 1894 illa
1639 1848 1823 1895 existu-

378 1941 545 1987 mans,
571 1942 684 1989 qnoe
712 1944 862 1996 supra
882 1928 1103 1976 diximus
1114 1960 1133 1988 ,
1150 1927 1413 1978 Catilinam
1431 1928 1628 1992 agitare.
1646 1926 1823 1991 Igitur,

381 2003 471 2052 ubi
504 2006 601 2054 iter
628 2007 738 2071 ejus
773 2025 836 2057 ex
868 2008 1095 2072 perfugis
1128 2007 1367 2071 cognovit
1380 2040 1397 2066 ,
1428 2016 1583 2054 castra
1609 2006 1820 2069 propere

381 2096 552 2134 movet
562 2103 651 2147 ,ac
671 2088 766 2137 sub
784 2089 906 2152 ipsis
924 2086 1174 2136 radicibus
1195 2086 1450 2135 montium
1472 2083 1698 2132 consedit
1722 2084 1823 2147 qu&

377 2163 452 2211 illi
478 2165 743 2215 descensus
770 2178 873 2215 erat
899 2168 955 2215 in
979 2168 1185 2215 Galliam
1213 2165 1520 2229 properanti.
1544 2164 1720 2226 Neque
1747 2174 1820 2211 ta-

383 2257 500 2289 men
516 2245 773 2293 Antonius
786 2246 966 2309 procul
978 2245 1171 2303 aberat,
1190 2254 1367 2306 utpote
1386 2245 1475 2306 qui
1491 2258 1670 2307 magno
1685 2258 1821 2291 exer·

382 2321 514 2379 citu,
530 2321 654 2368 locis
672 2321 981 2384 aequioribus
998 2322 1292 2385 expeditus,
1307 2323 1364 2369 in
1379 2321 1497 2387 fugi
1514 2332 1822 2384 sequeretur.

384 2398 481 2445 Sed
508 2398 743 2459 Catilina,
768 2410 1035 2463 postquam
1062 2399 1202 2446 videt
1220 2401 1479 2449 montibus
1499 2411 1647 2462 atque
1666 2402 1823 2464 copiis

384 2474 609 2523 bostium
633 2493 737 2526 sese
755 2478 1007 2539 clausum,
1022 2478 1079 2526 iu
1104 2478 1229 2526 urbe
1256 2495 1334 2527 res
1366 2479 1625 2539 advorsae,
1661 2496 1824 2544 neque

383 2552 512 2618 fugae
537 2571 700 2620 neque
719 2556 936 2620 praesidii
968 2557 1123 2604 ullam
1154 2574 1323 2621 spem,
1342 2569 1615 2623 optumum
1635 2557 1823 2607 factum

292 2684 299 2691 ,
382 2643 520 2680 ratus
551 2634 605 2681 in
633 2634 721 2682 tali
745 2651 799 2682 re
828 2634 1084 2684 fortunam
1105 2636 1222 2684 belli
1250 2648 1466 2697 tentare,
1499 2638 1673 2685 statuit
1704 2655 1822 2687 cum

382 2712 609 2761 Antonio
636 2714 787 2778 quim
804 2713 1025 2779 primum
1053 2714 1335 2779 confligere,
1357 2718 1532 2779 Itaque
1543 2718 1821 2776 „concione

383 2790 620 2841 advocati
630 2823 659 2852 ,‹
672 2793 1026 2857 hujuscemodi
1042 2797 1321 2843 orationem
1338 2794 1520 2842 habuit
1542 2812 1553 2841 ε

454 2874 632 2922 Lvm.
671 2894 692 2917 α
719 2875 1045 2924 Consi-aurun
1081 2890 1173 2941 ego
1211 2873 1401 2934 babeo,
1428 2873 1638 2936 milites,
1673 2875 1826 2923 verba
