2150 3650
390 348 460 402 94
670 339 724 388 c,
761 338 1036 388 clusrt
1090 312 1525 387 sALLns‘rn

395 445 630 486 vatnrum
655 437 956 497 exercitum,
974 437 1122 484 etiam
1146 436 1331 500 paratis
1344 435 1492 484 rebus
1512 435 1839 485 munimento

394 514 515 563 fore.
545 519 682 564 Inter
712 516 818 564 haec
843 516 1041 581 negotia
1061 548 1078 576 ,
1095 517 1130 563 J
1132 516 1351 581 ugurtha
1374 512 1649 580 impensius
1674 514 1838 565 modo
1859 539 1868 552 ·

392 594 577 658 legatos
594 595 843 660 supplices
863 596 1061 644 mittere
1075 628 1095 656 ,
1111 606 1284 660 pacem
1303 611 1444 644 orare
1460 611 1472 641 z
1489 603 1671 658 praeter
1688 609 1844 642 suam·

390 671 767 740 liberorumque
792 675 948 724 vitam
965 707 984 737 ,
1021 675 1189 723 omnin
1219 674 1425 723 Metello
1450 673 1646 721 dedere.
1684 673 1836 734 Quos

389 739 513 801 it'em
533 786 550 815 ‚
582 753 659 802 nti
691 754 914 818 priores,
944 752 1124 804 consul
1160 753 1352 803 illectos
1371 751 1453 801 «ad
1487 752 1836 817 proditionem

391 830 601 880 domum
632 832 948 884 dimittebat:
983 833 1090 898 regi
1113 848 1285 896 pacem
1303 866 1321 894 ,
1346 847 1500 897 qnam
1520 829 1809 897 postulabat
1825 861 1846 890 ,

390 925 555 976 neqne
580 911 800 964 abnuere
814 948 832 975 ,
857 929 1022 977 neque
1042 911 1305 976 polliceri,
1327 922 1379 960 et
1405 912 1535 960 inter
1562 926 1643 959 eas
1666 924 1835 958 moras

387 992 634 1055 promissa
656 993 935 1057 legatorum
951 1001 1250 1056 exspectare.
1275 1023 1283 1034 .

462 1070 693 1122 XLVIII.
726 1076 760 1120 J
764 1086 1006 1121 noua-rut
1044 1070 1137 1119 nbi
1168 1069 1360 1118 Metelli
1383 1069 1515 1117 dicta
1545 1085 1663 1118 cum
1688 1066 1831 1115 factis

392 1153 681 1214 composuit
696 1185 714 1213 ,
741 1167 798 1199 ac
821 1167 874 1200 se
896 1151 1015 1199 suis.
1024 1149 1219 1200 artibus
1237 1150 1419 1197 tentari
1443 1147 1827 1205 animadvortit;

391 1229 582 1294 qnippe
607 1231 692 1277 cui
712 1229 877 1279 verbis
893 1246 993 1293 pax
1023 1227 1386 1287 nunciabatur,
1408 1225 1629 1274 ceterum
1650 1242 1704 1274 re
1727 1224 1832 1273 bel-

391 1306 500 1356 lum
524 1324 872 1373 asperrumum
889 1319 995 1357 erat
1018 1324 1033 1367 ;
1055 1306 1179 1355 urbs
1199 1321 1435 1354 maxuma
1450 1305 1661 1354 alienata
1677 1336 1696 1364 ,
1721 1320 1837 1368 ager

392 1386 629 1436 hostibus
662 1389 894 1450 cognitus
911 1416 930 1446 ‚
962 1385 1116 1434 animi
1142 1384 1471 1449 popularium
1501 1385 1678 1432 tentati
1702 1402 1716 1432 z
1750 1399 1835 1432 co·

390 1474 530 1512 actus
547 1480 714 1512 rerum
734 1464 1100 1513 necessitudine
1113 1495 1130 1524 ‚
1150 1464 1336 1511 statuit*
1347 1463 1496 1509 armis
1513 1473 1724 1511 certare.
1742 1463 1837 1526 lgi-

393 1553 477 1591 tur
501 1544 762 1607 explorato
779 1543 1005 1591 hostium
1021 1542 1203 1591 itinere
1223 1574 1241 1602 ,
1258 1541 1315 1588 in
1335 1555 1475 1605 spem
1500 1540 1731 1591 victoriae
1753 1542 1836 1590 ad.-

392 1620 574 1669 dnctus
595 1638 659 1670 ex
678 1622 1059 1686 opportunitate
1078 1621 1180 1670 loci
1192 1653 1212 1681 ,
1229 1636 1354 1685 quas
1378 1636 1641 1669 maxumas
1667 1623 1839 1687 copias
1869 1643 1872 1648 ·

388 1711 560 1763 potest
577 1701 808 1751 omnium
838 1717 1077 1766 generum
1103 1711 1276 1766 parat,
1303 1715 1358 1748 ac
1378 1717 1470 1765 per
1500 1702 1721 1750 tramites
1748 1717 1835 1751 oc-

391 1779 556 1831 cultos
592 1781 866 1833 exercitum
892 1779 1084 1831 Metelli
1108 1780 1378 1830 antevenit.
1399 1780 1518 1829 Erat
1534 1780 1590 1829 in
1613 1779 1669 1829 eal
1693 1791 1835 1845 parte

395 1863 443 1911 N
446 1862 646 1913 umidiae
663 1895 680 1924 ,
708 1879 862 1927 quam
887 1861 1147 1910 Adherbal
1173 1862 1229 1909 in
1247 1859 1491 1909 divisione
1515 1860 1801 1925 possederat
1818 1891 1837 1919 ,
1873 1903 1878 1907 .

395 1942 587 1991 flumen
605 1943 771 1991 oricus
794 1957 828 1991 a
849 1939 1087 2003 meridie,
1104 1940 1307 1989 nomine
1326 1939 1567 1998 Muthn13
1584 1956 1612 1987 a
1630 1955 1732 2005 qno
1752 1938 1835 1987 ab·

395 2032 501 2070 erat
540 2038 686 2071 mons
720 2022 873 2070 ferme
901 2019 1052 2070 millia
1074 2034 1338 2084 passuum
1374 2035 1445 2067 xx
1489 2029 1651 2068 tractu
1690 2019 1839 2083 pari,
1873 2059 1878 2063 .

397 2113 567 2151 vastus
585 2101 648 2151 ab
668 2102 845 2152 natur-A
870 2112 921 2150 et
946 2102 1172 2151 humano
1194 2099 1337 2148 cultu
1357 2097 1477 2147 :sed
1501 2115 1565 2147 ex
1583 2114 1642 2148 eo
1668 2098 1835 2147 medio

398 2183 541 2246 quasi
563 2181 705 2231 collis
724 2182 1005 2243 oriebatur,
1021 2182 1077 2230 in
1094 2181 1397 2229 immensum
1413 2179 1668 2244 pertinens
1682 2210 1700 2238 ,
1724 2193 1838 2226 ves·

398 2260 521 2309 titus
554 2262 766 2312 oleastro
792 2276 849 2309 ac
873 2261 1104 2325 myrtetis
1121 2295 1139 2320 ‚
1160 2259 1367 2325 aliisque
1400 2258 1660 2323 generibus
1689 2255 1836 2305 arbo-

396 2354 540 2397 rum,
561 2355 672 2401 quse
691 2338 838 2387 humi
854 2339 998 2388 arido
1023 2351 1176 2401 atque
1193 2354 1405 2399 arenoso
1422 2339 1712 2403 gignuntur.
1731 2338 1838 2384 Me-

398 2414 477 2462 dia
508 2424 675 2462 antem
709 2415 942 2478 planities
983 2415 1177 2465 deserta
1209 2416 1419 2480 penuria
1451 2430 1621 2480 aquae,
1654 2425 1836 2478 praeter

396 2491 595 2559 flumini
612 2494 913 2557 vpropinqna
940 2494 1082 2543 loca:
1118 2511 1172 2543 ea
1194 2497 1388 2545 consita
1412 2493 1628 2542 arbustis
1656 2510 1836 2559 pecore

395 2582 553 2636 atque.
567 2570 847 2621 cultoribus
865 2570 1328 2636 frequentabantur.

467 2649 647 2698 xle.
684 2651 867 2700 on-run
885 2651 941 2699 in
964 2668 1024 2700 eo
1051 2651 1209 2708 colle..
1236 2669 1388 2719 quem
1405 2685 1422 2713 ,
1441 2663 1728 2701 transvorso
1754 2652 1840 2705 iti-f

396 2745 540 2791 nere,
574 2742 865 2794 porrectum
894 2731 1206 2793 docuimus,
1246 2734 1278 2780 J
1281 2731 1502 2798 ugurtha
1515 2765 1533 2793 ,
1571 2731 1839 2793 extenuata

398 2827 608 2863 suorum
620 2811 722 2859 acie
741 2844 758 2872 ,
777 2808 1004 2861 consedit
1027 2828 1038 2858 ε
1059 2812 1336 2876 elephantis
1359 2822 1409 2860 et
1425 2812 1557 2875 parti
1574 2812 1836 2875 copiarum

396 2891 706 2957 pedestrium
741 2891 1086 2947 Bomilcarem.
1107 2890 1329 2956 praefecit
1345 2924 1363 2952 ‚
1388 2906 1608 2958 eumque
1632 2891 1809 2943 edocet
1824 2923 1841 2952 ‚
1884 2876 1891 2883 ⁹
