2150 3650
745 375 749 383 ,
835 296 1309 376 JUGURTHA.
1705 344 1798 392 ω,

371 430 624 484 reputaret
641 454 657 482 ‚
677 423 828 488 quam
851 424 1016 487 gravis
1035 440 1191 473 casus·
1205 426 1260 472 in
1282 424 1552 473 servitium
1567 440 1629 471 ex
1647 441 1802 490 regno

368 497 524 558 foret3
554 501 723 549 multis
748 505 1036 568 magnisque
1057 502 1297 567 praesidiis
1322 504 1666 568 nequidquam
1690 521 1802 569 per·

371 576 506 640 ditis,
526 579 586 627 de
597 580 793 647 integro
810 582 1000 631 bellum
1014 584 1185 650 sumit.
1205 583 1379 629 Romae
1393 592 1592 631 senatus
1611 582 1673 631 de
1688 599 1802 649 pro-

368 657 555 718 ‚vinciis
570 658 842 709 consultus*
855 662 1147 711 Numidiam
1167 660 1371 708 Metello
1398 661 1695 711 decreverat.

439 738 616 787 LXIII.
652 741 758 788 Pru
787 741 920 788 idem
953 750 1155 804 tempus
1180 739 1338 787 Uticae
1377 738 1506 796 forte
1538 742 1594 789 C.
1638 742 1802 790 Mario

370 830 462 878 per
477 816 667 866 hostias
684 819 761 867 dis
788 820 1100 884 supplicante
1113 850 1131 877 ‚
1161 839 1181 859 α
1201 833 1378 880 magna
1396 827 1545 880 atque
1563 820 1802 886 mirabilia

370 912 391 935 α
426 897 664 958 portendi
677 920 699 939 ι·
721 898 975 962 haruspex
995 897 1218 946 dixerat:
1251 917 1272 938 α
1291 896 1502 961 proinde
1521 928 1538 955 ‚
1566 913 1678 962 quae
1698 900 1803 946 ani-

369 991 390 1013 ·
426 988 515 1020 mo
548 974 789 1037 agitabat,
823 975 982 1024 fretus
1007 974 1083 1023 dis
1121 985 1287 1038 ageret
1319 992 1332 1026 3
1361 973 1616 1022 fortunam
1651 975 1803 1038 quam

368 1070 390 1092 α
430 1053 717 1114 saepissume
729 1056 1039 1118 experiretur
1049 1072 1064 1114 ;
1074 1069 1254 1102 cuncta
1262 1070 1500 1118 prospera
1511 1064 1750 1102 eventura
1763 1075 1800 1102 ι».

368 1129 439 1175 At
466 1128 609 1179 illum
634 1133 736 1196 jam
755 1145 897 1181 antea
922 1132 1211 1183 consulatus
1233 1134 1411 1198 iugens
1436 1133 1622 1198 cupido
1641 1134 1804 1200 exagi-

369 1205 534 1256 tabat:
562 1209 626 1257 ad
650 1221 803 1275 quem
837 1213 1172 1277 capiundum,
1201 1222 1382 1277 praeter
1398 1221 1711 1261 ·vetustatem
1734 1212 1803 1260 fa-

367 1287 515 1338 miliae
532 1321 549 1350 ‚
566 1289 656 1339 alia
676 1292 843 1341 omnia
860 1289 1059 1348 abunde
1077 1301 1245 1339 erant:
1266 1290 1538 1351 industria,
1555 1291 1804 1356 probitas,

366 1365 559 1416 militiae
584 1386 760 1435 magua
791 1371 996 1419 scientia
1013 1403 1031 1431 ‚
1051 1372 1249 1419 animus
1273 1370 1391 1418 belli
1421 1371 1625 1436 ingens,
1661 1371 1803 1420 domi

367 1447 596 1499 modicus
625 1484 644 1513 ‚
681 1449 923 1500 lubidinis
950 1461 1001 1499 et
1032 1449 1321 1501 divitiarum
1355 1450 1548 1512 victor,
1578 1461 1800 1500 tantum-

368 1528 520 1578 modo
544 1529 712 1595 gloriae
737 1531 930 1581 avidus.
957 1530 1055 1580 Sed
1084 1532 1127 1580 is
1152 1542 1301 1580 natus
1330 1540 1386 1591 ⁴et
1408 1546 1610 1578 omnem
1638 1532 1801 1595 pueri·

327 1627 331 1634 ⁴
366 1609 487 1655 tiam
503 1609 687 1673 Arpini
710 1611 839 1658 altus
857 1643 876 1671 ‚
892 1610 984 1658 ubi
1005 1608 1233 1673 primum
1251 1620 1367 1658 aetas
1393 1609 1580 1658 militiae
1606 1611 1801 1675 patiens

324 1706 329 1713 ⁴
364 1685 468 1736 fuit
483 1719 502 1747 ‚
537 1688 798 1751 stipendiis
825 1687 1068 1735 faciundis
1084 1722 1103 1750 ‚
1124 1703 1233 1736 nou
1252 1686 1421 1738 Graeca
1442 1687 1697 1749 samacha,
1714 1705 1801 1737 ne-

371 1781 470 1830 que
520 1763 724 1811 urbanis
778 1764 1037 1813 munditiis
1082 1780 1184 1812 sese
1235 1764 1457 1812 exercuit
1504 1781 1516 1814 1
1536 1813 1540 1818 ,
1558 1766 1636 1814 ita·
1671 1767 1802 1813 inter

370 1843 488 1893 artis
505 1841 664 1891 bonas
689 1844 942 1906 integrum
965 1843 1225 1906 ingenium
1248 1841 1391 1897 brevi
1416 1842 1648 1895 adolevit.
1670 1845 1801 1909 Ergo

364 1923 459 1972 nbi
483 1921 706 1987 primum
742 1922 1055 1973 tribunatum
1098 1924 1361 1972 militarem
1402 1938 1430 1971 a
1470 1924 1667 1989 populo
1710 1940 1801 1988 pe-

371 2003 470 2063 tit,
506 2001 754 2067 plerisque
782 2000 970 2049 faciem
986 2002 1097 2065 ejus
1124 2000 1503 2066 ignorantibus,
1534 2000 1675 2049 facile
1709 2018 1800 2050 no-

368 2093 452 2130 tus
475 2097 568 2146 per
595 2081 760 2131 omnis
788 2079 949 2128 tribus
976 2080 1263 2131 declaratur.
1289 2079 1483 2131 Deinde
1518 2079 1580 2128 ab
1610 2076 1670 2141 00
1698 2097 1801 2130 ma-

337 2148 578 2226 'gistratu
609 2160 765 2209 alium
786 2170 907 2223 post
939 2159 1093 2208 alium
1125 2159 1221 2207 sibi
1249 2159 1476 2225 peperit:
1505 2176 1800 2225 semperque

364 2242 419 2288 in
439 2239 772 2306 potestatibus
789 2256 850 2288 eo
865 2238 1019 2288 modo
1037 2238 1266 2303 agitabat,
1280 2238 1359 2291 nti
1374 2239 1629 2303 ampliore,
1647 2237 1799 2303 quam

366 2321 592 2386 gerebat,
616 2322 798 2386 dignus
820 2319 1106 2375 haberetur.
1143 2320 1330 2371 Tamen
1349 2318 1392 2366 is
1410 2316 1474 2365 ad
1494 2317 1548 2366 id
1568 2317 1800 2367 locorum

365 2402 476 2450 talis
500 2400 615 2466 vir(
631 2418 749 2451 nam
779 2411 950 2465 postea
971 2398 1245 2447 ambitione
1269 2413 1487 2464 praeceps
1515 2396 1661 2447 datus
1685 2397 1798 2464 est)

366 2490 534 2545 petere
560 2497 669 2528 nou
707 2479 939 2529 audebat.
973 2478 1135 2526 Etiam
1170 2489 1280 2526 tum
1317 2477 1439 2525 alios
1483 2478 1798 2541 magistratus

362 2557 533 2624 plebes
546 2591 564 2619 ‚
585 2558 900 2609 consulatum
921 2557 1155 2605 nobilitas
1173 2558 1303 2604 inter
1320 2573 1373 2603 se
1394 2571 1486 2620 per
1505 2571 1682 2604 manus
1701 2566 1795 2605 trae

365 2637 528 2688 debat.
549 2640 727 2688 Novus
752 2654 901 2687 nemo
927 2648 1030 2684 tam
1061 2636 1220 2685 clarus
1237 2668 1253 2695 ‚
1275 2650 1439 2698 neque
1460 2645 1559 2682 tam
1590 2635 1796 2700 egregiis

366 2715 506 2766 factis
533 2730 667 2779 erat,
697 2719 824 2781 quin
858 2717 899 2763 is
933 2714 1172 2780 indignus
1209 2712 1296 2761 illo
1328 2714 1523 2761 honore
1562 2724 1614 2761 et
1651 2713 1821 2778 qnasi·

365 2795 593 2861 pollutus
612 2796 896 2844 baberetur.

432 2875 609 2922 LXIV.
652 2877 834 2927 Iorrus
861 2873 951 2924 ubi
967 2872 1159 2922 Marius
1175 2871 1451 2937 haruspicis
1470 2870 1600 2918 dicta
1618 2867 1793 2917 eodem
