2150 3650
829 324 1244 376 CATILINA.
1710 323 1770 370 13

345 442 468 491 pore
500 427 592 474 Cn.
631 425 745 476 Piso
760 457 776 485 ‚
811 408 1099 473 adolescens
1130 423 1343 481 nobilis,
1387 436 1595 469 summae
1626 420 1774 466 auda·

339 506 426 554 ciae
442 539 460 566 ‚
492 522 669 570 egens,
692 505 955 564 factiosus,
970 520 1122 567 quem
1154 503 1217 549 ad
1241 500 1628 565 perturbandam
1647 516 1776 547 rem-

340 585 594 649 publicam
612 584 783 647 inopia
801 595 948 647 atque
963 583 1077 630 mali
1104 598 1265 629 mores
1293 579 1629 627 stimulabant.
1646 581 1776 628 Cum

340 663 441 722 hoc
468 663 678 713 Catilina
703 674 755 710 et
786 657 1070 709 Autronius
1086 693 1104 720 ‚
1135 660 1351 707 consilio
1378 660 1746 706 communicato
1761 672 1790 716 ς

339 743 578 806 parabant
598 744 654 789 in
687 742 932 806 Capitolio
958 739 1183 788 kalendis
1208 738 1447 801 januariis
1477 741 1533 785 L.
1576 740 1776 786 Cottam

343 832 393 868 et
417 824 470 879 L.
494 824 806 884 Torquatum
825 820 1054 868 consules
1079 809 1384 875 interficet-223
1409 817 1506 880 ipsi
1514 838 1538 876 ·‚
1562 817 1799 864 fascibus·

343 898 585 961 correptis
602 928 621 956 9
667 897 901 944 Pisonem
941 911 1059 942 cum
1105 896 1328 941 exercitu
1372 893 1436 938 ad
1481 894 1779 941 obtinendas

344 965 487 1025 duas·
505 975 770 1038 Hispanias
796 974 1007 1019 mittere.
1040 971 1110 1019 Ea
1146 987 1199 1018 re
1242 969 1441 1032 cognita
1457 1003 1474 1029 ‚
1511 971 1684 1018 rursus
1726 972 1783 1018 in

344 1068 507 1099 nonas
528 1051 798 1097 februarias
822 1048 1089 1095 consilium
1110 1048 1256 1095 caedis
1275 1048 1653 1096 transtulerant:
1670 1052 1700 1095 J
1704 1065 1792 1096 am.

350 1140 465 1176 tum
499 1127 914 1174 nonffconsulibus
930 1126 1091 1174 modo
1109 1158 1126 1187 ‚
1154 1127 1241 1173 sed
1272 1126 1525 1190 plerisque
1546 1129 1785 1174 senatori-

351 1206 481 1266 bus,
511 1205 779 1270 perniciem
819 1204 1243 1253 machinabantur.
1292 1206 1447 1266 Quod
1478 1207 1533 1254 ni
1574 1207 1784 1254 Catilina

347 1296 643 1335 maturasset
677 1301 771 1350 No
798 1283 934 1331 curia
961 1285 1161 1347 signum
1187 1285 1343 1355 ‚sociis
1380 1285 1543 1344 dare‚·
1568 1302 1627 1332 eo
1675 1286 1790 1346 die,

347 1375 466 1429 post
489 1363 739 1411 conditam
752 1364 940 1410 ¹urbem
970 1379 1256 1422 romanam,
1276 1378 1568 1427 pessumum
1590 1365 1783 1414 facinus

348 1454 600 1508 patratum
643 1443 788 1491 foret.
834 1443 967 1503 Quia
1002 1443 1241 1489 nondum
1260 1470 1271 1479 -
1285 1442 1573 1515 frequentes
1608 1446 1787 1495 armati

347 1533 714 1586 convenerant,
740 1538 795 1569 ea
822 1537 898 1568 res
929 1522 1198 1579 eonsilium
1225 1521 1474 1571 diremit.-

418 1604 559 1654 XIX.
583 1604 777 1651 Posru
795 1601 910 1648 Piso
928 1602 984 1648 in
1009 1601 1291 1648 citeriorem
1311 1602 1602 1664 Hispaniam
1627 1619 1788 1666 quaes-

351 1692 432 1734 tor
456 1697 551 1745 pro
570 1692 782 1743 praetore
809 1680 987 1726 missus
1014 1679 1391 1739 est‚adnitente
1412 1681 1616 1741 Crasso,
1645 1683 1798 1745 quod-

350 1776 468 1808 eum
498 1760 737 1806 infestum
784 1758 1047 1805 inimicum
1074 1758 1167 1804 Cn.
1197 1760 1439 1819 Pompeio
1466 1771 1787 1820 cognoverat.

352 1841 531 1904 Neque
563 1850 729 1885 tamen
753 1848 954 1885 senatus
981 1836 1295 1900 provinciam
1326 1836 1519 1885 invitus
1561 1838 1764 1896 dederat
1778 1846 1797 1886 ἑ.

353 1919 542 1983 quippe
587 1916 775 1964 foed‘um
813 1906 1072 1965 hominem
1106 1914 1134 1961 a
1179 1913 1437 1978 republica
1467 1917 1647 1979 procul
1685 1935 1790 1966 esse

354 1996 578 2053 volebat3
611 1994 794 2052 simul,
829 1995 947 2056 quia
978 1994 1105 2041 boni
1138 1991 1288 2056 quam
1311 1994 1479 2056 plures
1504 1996 1789 2057 praesidium

355 2073 411 2118 in
439 2088 498 2119 eo
532 2072 808 2135 putabant,
840 2082 889 2117 et
915 2071 1017 2132 jam
1046 2083 1158 2119 tum
1183 2073 1408 2135 potentia
1441 2073 1533 2120 Cn.
1561 2077 1791 2139 Pompeii

355 2149 679 2202 formidolosa
727 2161 845 2196 erat.
887 2149 989 2198 Sed
1023 2151 1067 2197 is
1106 2150 1248 2209 Piso,
1287 2151 1343 2197 in
1380 2153 1691 2215 provinciam
1725 2155 1792 2203 ab

355 2229 609 2295 equitibus
639 2229 888 2293 hispanis,
916 2245 1044 2292 quos
1070 2228 1128 2276 in
1148 2231 1371 2277 exercitu
1400 2230 1665 2294 ductabat,
1694 2236 1800 2283 iter·

354 2307 560 2368 faciens,
597 2309 790 2360 occisus
830 2318 919 2355 est.
962 2311 1094 2356 Sunt
1138 2309 1225 2371 qui
1265 2309 1335 2356 ita
1371 2308 1547 2358 dicunt
1580 2313 1800 2377 imperia

355 2387 464 2450 ejus
489 2385 701 2448 injusta,
720 2388 932 2451 superba
948 2420 966 2447 ‚
987 2388 1206 2435 crudelia
1219 2419 1237 2446 ‚
1252 2388 1483 2437 barbaros
1505 2393 1792 2454 nequivisse

274 2509 294 2526 ,
361 2466 490 2529 pati3
513 2466 593 2513 alii
619 2478 812 2526 autem,
839 2467 1029 2529 equites
1059 2467 1206 2527 illos,
1228 2469 1318 2515 Cn.
1340 2471 1566 2533 Pompeii
1602 2484 1792 2521 veteres

360 2543 588 2608 fidosque
607 2544 834 2604 clientes,
857 2546 1117 2593 voluntate
1134 2546 1242 2608 ejus
1261 2548 1491 2596 Pisonem
1515 2551 1793 2615 adgressos:

358 2640 633 2687 numquam
654 2625 900 2689 Hispanos
918 2636 1154 2689 praeterea
1173 2626 1266 2673 tale
1294 2627 1485 2675 facinus
1504 2628 1690 2691 fecisse,
1709 2632 1797 2679 sed
1819 2669 1822 2674 .

358 2702 564 2770 imperia
592 2718 719 2751 saeva
744 2703 901 2751 multa
932 2714 1075 2751 antea
1108 2721 1384 2769 perpessos.
1414 2706 1521 2754 Nos
1547 2724 1654 2756 eam
1686 2727 1789 2758 rem

358 2781 414 2832 in
450 2781 613 2830 medio
652 2782 1004 2847 relinquemus.
1038 2784 1114 2830 De
1150 2785 1405 2848 superiore
1450 2786 1796 2848 conjuratione

359 2861 477 2914 eatis
505 2860 706 2913 dictum.

1478 2958 1506 2988 α
