2150 3650
821 295 1291 346 suomi-rus.
1551 279 1558 286 '
1672 299 1771 347 ωε

335 413 360 438 ι
397 408 490 457 ego
519 389 740 456 inopiam
770 394 937 458 patior
954 427 971 454 ‚
1008 395 1266 455 Quirites3
1303 388 1480 442 verum
1517 392 1595 453 id,
1634 392 1774 457 quod

335 495 358 516 α
397 473 558 522 multo
596 474 879 537 praeclarius
917 484 993 522 est
1007 506 1023 533 ‚
1049 484 1266 522 meamet
1298 474 1424 522 facta
1454 473 1614 522 dicere
1641 474 1775 522 licet.

334 572 357 596 ι
395 551 546 600 Nunc
573 553 762 613 videte,
792 550 943 616 quim
986 554 1153 617 iniqui
1188 554 1303 602 sint.
1348 550 1503 614 Quod
1537 570 1600 601 ex
1629 551 1782 600 aliena

333 652 356 675 ι
394 631 581 679 virtute
605 632 698 679 sihi
723 632 987 696 adrogant,
1011 633 1066 679 id
1095 633 1221 679 mihi
1251 649 1315 680 ex
1342 631 1448 680 mea
1474 649 1585 681 non
1600 627 1777 681 conce-

336 730 360 753 «
399 709 531 759 dunt
546 727 561 770 ;
578 712 762 759 scilicet
782 744 800 773 ‚
820 713 936 775 quia
957 700 1198 784 imagines
1221 726 1330 758 non
1345 711 1511 759 habeo
1533 744 1549 771 ‚
1585 723 1637 759 et
1660 713 1780 777 quia

337 809 361 832 ι
401 789 527 837 mibi
545 806 675 839 nova
704 790 941 839 nobilitas
960 801 1033 837 est
1047 823 1064 850 ‚
1081 805 1232 854 quam
1254 790 1387 837 certe
1405 791 1653 853 peperisse
1673 805 1778 837 me-

335 888 359 912 «
397 867 496 916 lius
515 881 616 928 est,
642 869 794 932 quam
823 877 1073 930 acceptam
1098 867 1397 931 corrupisse.
1423 868 1664 929 Equidem
1686 884 1780 932 ego

335 966 358 990 α
397 963 505 995 non
524 948 703 1011 ignoro
716 946 799 1006 ‚si
815 946 916 1008 jam
935 935 1236 1008 respondere
1256 943 1413 992 velint
1426 977 1443 1002 .,
1460 944 1661 992 abunde
1677 946 1775 995 illis

333 1047 356 1068 ι
396 1023 661 1073 facundam
683 1034 733 1070 et
760 1024 1090 1086 compositam
1125 1023 1404 1071 ora'tionem
1438 1021 1562 1069 fore.
1590 1022 1690 1069 Sed
1716 1023 1772 1069 in

336 1125 359 1146 ι
399 1117 639 1149 maxumo
679 1111 846 1149 vestro
876 1099 1123 1149 beneficio
1138 1134 1156 1162 ‚
1188 1118 1347 1165 quum
1385 1100 1622 1148 omnibus
1658 1101 1782 1149 locis

335 1203 360 1226 ι
401 1196 482 1227 me
504 1194 699 1244 vosque
724 1179 996 1228 maledictis
1031 1179 1275 1242 lacerent,
1300 1196 1406 1228 nou
1439 1178 1631 1243 placuit
1657 1179 1775 1227 reti·

337 1281 361 1304 «ι
400 1271 511 1308 cere
533 1275 549 1319 ;
569 1276 634 1307 ne
651 1259 765 1324 quis
784 1258 1077 1307 modestiam
1101 1260 1155 1306 in
1183 1259 1539 1307 conscientiam
1560 1257 1780 1306 duceret.

340 1360 363 1383 ι
405 1339 532 1386 Nam
551 1354 630 1386 me
648 1338 881 1403 quidem,
899 1354 963 1386 ex
978 1338 1135 1386 animi
1163 1335 1445 1397 sententia,
1457 1337 1597 1385 nulla
1623 1336 1784 1384 oratio

338 1437 361 1461 α
398 1416 574 1465 laedere
599 1427 779 1481 potest.
804 1418 1008 1481 Quippe
1034 1433 1151 1465 vera
1176 1433 1375 1465 necesse
1401 1427 1476 1463 est
1505 1415 1632 1464 bene
1655 1432 1779 1482 prae-

334 1519 360 1541 ι
402 1496 563 1555 dicet3
605 1495 773 1544 falsam
799 1496 904 1544 vita
947 1513 1215 1562 moresque
1254 1501 1352 1545 mei
1386 1507 1641 1561 superant.
1681 1496 1783 1544 Sed

337 1597 363 1621 ι
400 1577 637 1641 quoniam
655 1588 819 1625 vestra
837 1576 1039 1625 consilia
1055 1587 1373 1637 accusantur,
1389 1577 1481 1641 qui
1498 1577 1625 1624 mihi
1642 1592 1780 1624 snm-

336 1678 361 1701 «
397 1672 538 1704 mum
562 1657 809 1705 honorem
831 1667 882 1704 et
901 1671 1198 1703 maxumum
1217 1656 1477 1718 negotium
1509 1655 1778 1719 imposuis-

342 1756 366 1779 ι
403 1734 501 1781 tis:
528 1735 678 1781 etiam
717 1744 869 1796 atque
903 1734 1052 1779 etiam
1078 1743 1335 1795 reputate,
1370 1749 1495 1779 num
1533 1733 1586 1779 id
1620 1733 1782 1796 poeni-

341 1834 365 1869 ᾳ
401 1810 622 1859 tundam
659 1810 742 1856 sit.
776 1809 897 1857 Non
920 1824 1130 1873 possum
1157 1808 1277 1855 fidei
1302 1808 1473 1857 caussa
1500 1809 1742 1873 imagines
1774 1828 1791 1871 3

262 1886 271 1893 “
338 1912 362 1935 ι
400 1905 564 1952 neque
598 1887 908 1952 triumphos,
935 1897 1023 1934 aut
1048 1885 1339 1935 consulatus
1371 1886 1465 1948 maj
1471 1903 1618 1935 orum
1645 1904 1785 1936 meo-

341 1992 364 2013 ι
402 1984 516 2016 rum
536 1978 815 2025 ostentare3
835 1977 883 2014 at
901 2001 917 2024 ,
943 1966 985 2013 si
1014 1982 1093 2012 res
1119 1966 1372 2029 postulet,
1406 1967 1601 2025 hastas,
1622 1966 1780 2015 vexil-

304 2032 320 2040 “
341 2069 363 2093 ι
399 2048 508 2094 lum
528 2079 545 2105 ‚
562 2045 790 2110 phaleras
807 2076 824 2103 ‚
845 2044 935 2091 alia
961 2043 1194 2091 militaria
1217 2043 1347 2091 dona
1369 2060 1383 2101 ;
1402 2054 1635 2107 praeterea
1660 2046 1783 2093 cica—

341 2148 363 2170 «
402 2126 547 2173 trices
581 2122 794 2170 advorso
826 2138 1053 2186 corpore.
1089 2122 1177 2169 Hae
1203 2132 1325 2169 sunt
1361 2137 1481 2168 moee
1515 2122 1780 2185 imagines3

345 2226 368 2249 ι
404 2203 511 2251 haec
533 2201 766 2251 nobilitas
785 2232 802 2261 ‚
818 2216 926 2248 non
949 2198 1239 2247 haereditate
1260 2199 1427 2248 relicta
1446 2232 1463 2259 ‚
1481 2209 1542 2246 ut
1558 2199 1637 2248 illa
1653 2200 1751 2248 illis
1767 2233 1786 2263 3

346 2305 368 2327 ι
408 2281 496 2331 sed
524 2297 635 2345 quae
660 2295 752 2343 ego
770 2279 999 2343 plurimis
1016 2277 1283 2329 ,laboribus
1317 2289 1368 2326 et
1391 2278 1627 2342 periculis
1649 2296 1783 2343 quae-

348 2383 370 2406 ι
406 2362 516 2410 sivi.
553 2361 673 2408 Nou
698 2369 817 2406 sunt
845 2359 1122 2423 composita
1160 2357 1311 2405 verba
1343 2373 1450 2405 mea
1474 2374 1488 2415 ;
1516 2374 1693 2422 pamm
1731 2358 1785 2407 id

346 2463 368 2485 ι
406 2441 560 2499 facio;
593 2441 700 2505 ipsa
733 2455 785 2486 se
812 2439 973 2487 virtus
1017 2439 1134 2486 satis
1163 2436 1414 2486 ostendit:
1440 2437 1539 2487 illis
1567 2438 1779 2488 artificio

342 2540 364 2562 ι
403 2535 534 2582 opus
561 2532 636 2566 est
654 2552 672 2579 ‚
696 2519 774 2566 uti
792 2518 958 2581 turpia
981 2518 1108 2565 facta
1135 2516 1362 2564 oratione
1391 2525 1573 2580 tegant.
1602 2517 1784 2582 Neque
1809 2538 1816 2545 ·

347 2619 369 2640 ι
404 2597 591 2645 litteras
613 2612 789 2660 graecas
817 2595 991 2653 didici3
1018 2611 1196 2659 parum
1222 2596 1447 2660 placebat
1464 2596 1786 2655 easdiscere,

347 2697 367 2720 ι
407 2678 595 2741 qnippe
618 2692 728 2739 quae
755 2675 1079 2722 ad’virtutem
1110 2674 1397 2723 doctoribus
1429 2675 1557 2722 nihil
1569 2674 1779 2739 profue-

350 2775 371 2797 ι
407 2766 543 2802 runt.
560 2757 629 2802 At
641 2754 724 2802 issa
741 2753 902 2802 multo
920 2763 1131 2816 optuma
1144 2752 1430 2815 reipublice
1448 2753 1627 2801 doctus
1643 2769 1782 2813 snm3

355 2853 377 2874 ιι
412 2831 607 2881 bostem
657 2832 829 2893 ferire,
874 2831 1098 2895 praesidia
1125 2831 1337 2897 agitare3
1377 2830 1506 2878 nihil
1531 2841 1752 2878 metuere
1769 2863 1787 2893 ,

1482 2924 1502 2954 1
1518 2924 1537 2953 1
1549 2941 1560 2954 .
