2150 3650
776 350 1248 399 JUGURTHA.
1672 358 1768 413 149

331 468 354 490 et
390 449 467 496 uti
491 447 633 510 jussu
669 447 866 496 senatus
894 460 1044 513 atque
1074 447 1254 512 populi
1281 446 1474 495 romani
1502 444 1664 493 foedus
1683 444 1771 492 fie-

332 548 354 569 α
390 539 491 574 ret:
511 544 674 591 neque
687 529 941 576 hominem
962 528 1200 588 nobilem,
1218 543 1323 575 non
1343 525 1430 573 sua
1450 525 1670 588 ignavia,
1685 524 1772 572 sed

330 628 351 649 ι
390 605 457 653 ob
493 607 874 670 rempublicam,
905 608 960 655 iu
996 608 1223 655 hostium
1252 616 1501 669 potestate
1542 605 1771 654 relictum

334 707 355 727 κ
390 686 469 731 iri.
492 707 514 727 ι»
746 733 752 742 ,

405 765 578 813 CXIII.
629 768 772 814 Hanc
808 769 1018 813 Maurus
1063 779 1237 811 secum
1276 762 1382 826 ipse
1430 761 1519 810 diii
1565 762 1772 811 volvens

333 844 532 892 tandem
559 846 806 908 promisit.
847 841 1082 890 Ceterum
1114 842 1258 900 dolo,
1296 857 1359 887 an
1396 842 1510 888 vere
1532 874 1549 901 ‚
1591 858 1772 906 parum

332 925 683 987 comperimus.
714 922 811 968 Sed
849 923 1152 984 plerumque
1196 920 1354 985 regiae·
1371 919 1680 980 voluntates,
1715 932 1776 968 ut

333 1003 653 1048 vehementes
667 1032 684 1060 ,
721 999 789 1046 sic
823 999 1058 1060 mobiles,
1095 1000 1222 1063 saepe
1259 1000 1377 1062 ipsae
1413 998 1509 1046 sibi
1539 1000 1777 1047 advorsae.

332 1082 506 1127 Postea
524 1087 750 1142 tempore
770 1090 820 1126 et
840 1077 951 1127 loco
971 1081 1273 1142 constituto,
1288 1079 1344 1125 in
1361 1078 1677 1141 colloquium
1698 1077 1777 1125 uti

335 1158 395 1205 de
412 1175 533 1221 pace
551 1159 833 1219 veniretur,
854 1160 1085 1207 Bocchus
1105 1158 1293 1207 Sullam
1314 1156 1494 1218 modo,
1512 1157 1670 1205 modo
1688 1159 1722 1204 J
1724 1173 1789 1205 u·⁴

334 1238 530 1302 gurthae
542 1239 758 1302 legatum
778 1237 1023 1300 adpellare
1036 1272 1052 1299 ‚
1065 1238 1281 1302 benig-ne
1298 1236 1480 1285 habere
1494 1272 1508 1296 ‚
1524 1236 1659 1284 idem
1678 1253 1774 1284 am-

330 1314 500 1363 bobus
522 1316 765 1380 polliceri.
791 1316 869 1363 Illi
894 1318 1078 1380 pariter
1100 1317 1199 1364 laeti
1216 1349 1233 1377 ‚
1251 1332 1306 1363 ac
1335 1316 1443 1380 spei
1459 1315 1605 1363 bonae
1622 1315 1781 1379 pleni.

333 1394 457 1454 Sed,
476 1406 624 1443 nocte
637 1394 692 1443 ea
711 1412 822 1459 quae
837 1412 1090 1459 proxuma
1109 1394 1209 1445 fuit
1227 1406 1341 1444 ante
1369 1395 1501 1442 diem
1519 1393 1777 1458 colloquio

334 1474 587 1522 decretum
600 1510 616 1534 .,
634 1476 842 1523 Maurus
860 1474 1099 1524 adhibitis
1120 1476 1320 1537 amicis,
1336 1491 1390 1523 ac
1412 1475 1579 1523 statim
1597 1474 1777 1523 immu-

329 1553 430 1602 tata
448 1554 706 1602 voluntate
726 1555 958 1616 remotis,
978 1556 1164 1604 dicitur
1178 1572 1351 1605 secum
1370 1556 1478 1620 ipse
1498 1556 1657 1603 multa
1677 1555 1777 1619 agi·

337 1634 539 1694 flavisse,
566 1636 741 1693 vultu,
758 1635 926 1682 colore
938 1666 956 1693 ‚
971 1652 1026 1683 ac
1045 1647 1192 1683 motu
1212 1635 1439 1700 corporis
1463 1635 1652 1698 pariter
1664 1669 1682 1697 .,
1706 1645 1778 1682 at-

334 1728 433 1774 que
460 1712 629 1759 auimo
657 1714 824 1759 varius
854 1731 868 1770 ;
910 1729 1021 1775 quae
1054 1715 1274 1774 scilieet,
1314 1723 1506 1760 tacente
1527 1714 1666 1776 ipso,
1701 1728 1778 1761 oc-

334 1791 468 1838 culta
494 1789 713 1853 pectoris
739 1788 1042 1852 patefecisse.
1078 1792 1267 1838 Tamen
1301 1792 1559 1858 postremo
1586 1791 1775 1839 Sullam

337 1869 557 1916 arcessiri
576 1868 724 1932 jubet
736 1902 752 1928 ‚
779 1878 828 1914 et
847 1883 910 1914 ex
927 1868 1039 1931 ejus
1058 1869 1303 1917 sententia
1323 1868 1558 1918 Numidae
1575 1868 1780 1918 insidias

339 1947 515 1995 tendit.
546 1946 737 1994 Deinde
757 1981 774 2007 ‚
800 1947 892 1994 ubi
928 1946 1031 1995 dies
1060 1947 1299 2009 advenit,
1324 1959 1375 1995 et
1401 1949 1446 1994 ei
1480 1948 1778 1996 nunciatum

334 2035 410 2073 est
427 2028 461 2073 J
462 2024 731 2090 ugurtham
749 2023 889 2072 haud
905 2026 1087 2088 procul
1105 2025 1301 2086 abesse,
1323 2041 1441 2072 cum
1466 2027 1639 2089 paucis
1656 2025 1778 2075 ami-

335 2103 407 2151 cis
427 2114 477 2151 et
494 2113 738 2167 quaestore
756 2113 960 2164 nostro,
984 2105 1130 2167 quasi
1147 2103 1328 2152 obvius
1345 2104 1556 2152 honoris
1574 2103 1742 2153 caussa
1763 2139 1781 2167 .‚

333 2182 564 2248 procedit
596 2181 652 2228 in
687 2182 942 2230 tumulum
954 2214 971 2242 ‚
998 2181 1308 2230 facillumum
1345 2182 1460 2229 visu
1502 2183 1779 2232 insidianti·

332 2261 448 2309 bus.
482 2260 669 2309 Eodem
685 2259 904 2309 Numida
921 2278 1039 2310 cum
1064 2261 1317 2327 plerisque
1338 2263 1624 2310 necessariis
1642 2264 1746 2313 suis
1762 2298 1780 2326 .,

338 2341 562 2390 inermus
577 2374 595 2402 .,
613 2351 671 2388 ut
693 2340 886 2388 dietum
899 2374 917 2402 .,
934 2341 1152 2401 accedit;
1178 2357 1234 2388 ac
1259 2342 1426 2389 statim
1439 2375 1454 2400 ‚
1474 2342 1616 2406 signo
1638 2342 1753 2391 dato
1766 2376 1785 2406 ‚

340 2421 566 2487 undique
589 2419 738 2469 simul
765 2437 829 2467 ex
854 2421 1046 2470 insidiis
1073 2420 1348 2469 invaditur.
1383 2422 1547 2471 Ceteri
1569 2422 1780 2470 obtrun-

336 2501 466 2559 cati;
492 2499 743 2565 Jugurtha
772 2499 922 2548 Sullae
955 2502 1155 2550 vinctus
1186 2500 1403 2548 traditur
1422 2533 1439 2561 ‚
1469 2512 1519 2549 et
1545 2501 1607 2548 ab
1636 2518 1696 2551 eo
1717 2502 1780 2550 ad

337 2579 554 2628 Marium
579 2577 841 2627 deductus.

407 2657 584 2705 CXIV.
611 2659 719 2704 Ριι
739 2656 874 2705 idem
894 2669 1096 2723 tempus
1112 2657 1384 2706 advorsum
1403 2656 1572 2706 Gallos
1598 2656 1660 2704 ab
1688 2657 1776 2706 du·

335 2735 476 2784 cibus
495 2736 677 2784 nostris
702 2736 767 2796 Q.
788 2736 1020 2800 Caepione
1040 2748 1090 2784 et
1111 2737 1302 2785 Manlio
1324 2738 1451 2785 male
1477 2747 1775 2801 pugnatum.

336 2817 456 2877 Quo
483 2825 622 2863 metu
641 2813 776 2862 Italia
796 2817 960 2864 omnis
977 2825 1364 2864 contremuerat.
1387 2816 1570 2881 Illique
1584 2826 1634 2862 et
1658 2815 1776 2864 inde

338 2893 400 2942 ad
418 2904 638 2943 nostram
658 2895 950 2944 memoriam
964 2895 1184 2946 Romani
1200 2895 1271 2943 sic
1289 2895 1535 2944 habuere:
1558 2895 1651 2943 alia
1670 2910 1775 2943 om·
