2150 3650
377 308 474 360 130
651 312 705 360 C.
742 311 1017 361 CRISPI
1070 310 1512 362 SALLUSTII

372 406 502 454 tium
529 407 634 471 ipsa
656 409 952 472 perniciosa,
969 409 1050 457 siti
1072 411 1253 473 magis,
1274 409 1427 473 quam
1444 407 1536 457 alia
1553 425 1626 469 re,
1644 424 1817 457 aecen-
1875 426 1882 430 ’

374 485 524 533 ditur.
556 487 677 549 Ejus
704 489 946 551 potiundi
973 489 1192 536 Marium
1213 505 1448 536 maxuma
1468 487 1654 551 cupido
1677 488 1821 535 inva-

377 574 530 625 serat,
565 564 683 613 cum
709 577 922 630 propter
939 583 1089 616 usum
1107 567 1253 628 belli,
1285 579 1393 615 tum
1412 569 1531 630 quia
1548 583 1625 614 res
1645 581 1823 631 aspera

375 641 662 703 videbatur3
689 656 740 692 et
764 645 997 693 Metellus
1015 647 1264 711 oppidum
1285 646 1491 693 Thalam
1516 644 1696 708 magna
1714 644 1823 708 glo·

373 720 447 769 ria
465 723 828 787 ceperat,haud
838 723 1140 772 dissimiliter
1150 727 1304 773 situm
1325 725 1711 787 munitumque,
1723 723 1825 771 nisi

378 801 521 863 quod
543 801 682 866 apud
707 802 914 850 Thalam
947 804 1086 852 haud
1102 803 1250 868 longe
1278 820 1307 850 a
1338 801 1588 852 moenibus
1625 803 1826 866 aliquot

380 877 548 927 fontes
583 892 724 930 erant
745 899 759 942 ;
785 884 1053 946 Capsenses
1079 881 1181 931 una
1218 881 1372 930 modo
1391 915 1409 942 ,
1432 893 1585 945 atque
1610 880 1666 929 ea
1691 881 1825 928 intra

383 958 660 1022 oppidum,
697 959 805 1026 iugi
836 961 963 1029 aqua
976 947 1005 1023 ,⁶
1026 960 1191 1009 cetera
1225 961 1398 1024 pluvia
1436 960 1727 1008 utebantur.
1764 958 1829 1007 Id

306 1081 319 1093 ,
383 1036 557 1100 ibique
577 1071 595 1098 ,
620 1050 670 1086 et
695 1039 750 1087 in
775 1042 916 1088 omni
945 1039 1114 1087 Africa
1133 1073 1151 1101 ,
1169 1040 1258 1103 qui
1275 1040 1454 1104 procul
1476 1055 1504 1085 a
1526 1039 1651 1086 mari
1666 1037 1828 1086 incul-

387 1114 489 1164 tius
525 1117 733 1180 agebant
750 1153 767 1180 ,
794 1120 855 1167 οό
887 1118 1079 1168 facilius
1102 1118 1431 1178 tolerabatur,
1450 1118 1566 1180 quia
1593 1115 1831 1165 Numidae

386 1194 688 1260 plerumque
717 1196 842 1245 lacte
863 1208 913 1245 et
931 1197 1086 1245 ferina
1105 1214 1248 1245 carne
1270 1195 1621 1257 vescebantur,
1660 1183 1845 1258 neque*

390 1274 540 1321 salem
554 1307 572 1335 ,
593 1290 757 1339 neque
774 1277 866 1325 alia
883 1277 1189 1325 irritamenta
1207 1275 1335 1340 gulae
1355 1274 1664 1336 quaerebant:
1689 1273 1835 1321 cibus

391 1351 490 1399 illis
525 1353 795 1403 advorsum
825 1355 1005 1404 famem
1041 1365 1189 1419 atque
1225 1353 1359 1401 sitim
1376 1385 1394 1414 ,
1428 1369 1537 1400 non
1579 1351 1801 1400 lubidini
1818 1384 1836 1412 ,

391 1443 557 1491 neque
575 1430 788 1481 luxuriae
806 1445 925 1482 erat.
1179 1421 1186 1428 .

466 1502 568 1555 XC.
606 1511 793 1559 Ion-ua
820 1512 1036 1573 consul,
1069 1512 1309 1560 omnibus
1344 1510 1641 1576 exploratis,
1660 1508 1842 1570 eredo,

396 1582 472 1631 dis
490 1582 674 1647 fretus3
691 1605 805 1637 nam
826 1601 1000 1638 contra
1020 1602 1181 1639 tantas
1201 1589 1519 1638 difficultates
1538 1588 1753 1638 consilio
1772 1605 1841 1640 sa·

397 1664 462 1710 tis
484 1659 757 1728 'providere
793 1686 901 1718 non
926 1681 1124 1735 poterat
1143 1688 1155 1718 :
1187 1670 1375 1733 quippe
1413 1667 1559 1716 etiam
1596 1666 1842 1715 frumenti

399 1739 572 1808 inopia
608 1749 892 1797 tentabatur
909 1782 927 1811 ,
964 1750 1105 1813 quod
1150 1748 1383 1797 Numidae
1416 1747 1605 1811 pabulo
1647 1747 1842 1811 pecoris

404 1826 559 1891 magis
577 1860 594 1886 ,
614 1827 763 1890 quam
793 1845 914 1878 arvo
941 1831 1149 1879 student
1165 1861 1182 1888 ,
1207 1839 1258 1876 et
1282 1826 1641 1891 quodcumque
1667 1837 1847 1875 natum
1905 1834 1940 1881 4

405 1902 567 1951 suerat
582 1938 600 1965 ,
626 1905 769 1967 jussu
787 1909 986 1972 regiain
1007 1910 1116 1956 loca
1135 1907 1327 1956 munita
1346 1905 1667 1954 contulerant
1685 1923 1701 1964 ;
1730 1921 1847 1971 ager

406 1993 571 2030 autem
600 1986 767 2034 aridus
793 1997 843 2034 et
859 1987 1072 2055 frugum
1091 2001 1278 2034 vacuus
1296 1983 1352 2032 ea
1374 1994 1694 2049 tempestate;
1732 1999 1847 2031 nam

408 2063 588 2111 aestatis
602 2076 883 2115 extremum
902 2077 1028 2114 erat:
1049 2077 1218 2114 tamen
1230 2078 1325 2127 pro
1344 2063 1418 2110 rei
1434 2060 1578 2126 copia
1599 2063 1717 2110 satis
1733 2078 1851 2127 pro-

412 2139 640 2190 videnter
673 2157 882 2193 exornat
904 2164 918 2205 ;
945 2161 1102 2209 pecus
1131 2159 1280 2192 omne
1294 2175 1312 2204 ,
1341 2141 1483 2206 quod
1508 2141 1852 2205 superioribus

412 2216 589 2269 diebus
608 2224 785 2286 praedae
802 2224 990 2286 fuerat,
1015 2222 1270 2290 equitibus
1297 2220 1564 2268 auxiliariis
1599 2221 1854 2283 agendum

413 2296 681 2362 adtribuit3
711 2304 773 2349 A.
797 2305 1045 2353 Manlium
1062 2303 1281 2366 legatum
1309 2316 1428 2347 cum
1453 2298 1747 2346 cohortibus
1768 2315 1855 2346 ex·

412 2374 599 2435 peditis
633 2379 695 2425 ad
723 2380 972 2444 oppidum
997 2380 1133 2429 Laris
1151 2413 1169 2440 ,
1186 2379 1275 2426 ubi
1305 2377 1607 2442 stipendium
1633 2386 1685 2423 et
1712 2392 1855 2424 com·

415 2460 635 2501 meatum
661 2456 910 2505 locaverat
925 2491 943 2520 ,
963 2458 1035 2521 ire
1051 2458 1198 2521 jubet
1215 2492 1232 2519 ,
1254 2474 1306 2505 se
1322 2453 1721 2521 praedabundum
1738 2467 1860 2519 post

416 2544 604 2592 paucos
618 2533 721 2581 dies
739 2536 1217 2585 eodemventurum.
1238 2537 1318 2584 Sic
1332 2537 1535 2600 incepto
1549 2550 1642 2581 suo
1657 2534 1859 2582 occulto

418 2610 581 2673 pergit
604 2612 665 2659 ad
683 2612 873 2661 flumen
894 2618 1097 2664 Tanam.

493 2691 624 2739 xcl.
654 2694 902 2743 Cunnum
922 2696 976 2743 in
998 2696 1176 2744 itinere
1202 2693 1428 2758 quotidie
1445 2709 1602 2759 pecus
1622 2690 1865 2739 exercitui

424 2786 512 2837 per
539 2774 784 2841 eenturias
803 2808 820 2834 ,
846 2775 967 2824 item
988 2786 1205 2834 turmas,
1234 2773 1492 2837 aequaliter
1514 2770 1870 2831 distribuerat,

428 2863 479 2901 et
496 2868 560 2902 ex
577 2853 724 2902 coriis
744 2864 882 2902 utres
908 2856 986 2904 uti
1014 2852 1194 2909 flerent
1222 2851 1455 2900 curabat:
1499 2849 1653 2901 simul
1679 2859 1730 2897 et
1754 2849 1868 2897 ino-
